{"e": "trade", "E": 1782878509448, "s": "ETHUSDT", "t": 12536783, "p": "3607.26", "q": "0.013955", "T": 1782878509448, "m": true, "M": true}
{"e": "trade", "E": 1782878509524, "s": "BTCUSDT", "t": 15443759, "p": "68146.81", "q": "1.937184", "T": 1782878509524, "m": false, "M": true}
{"e": "trade", "E": 1782878509987, "s": "SOLUSDT", "t": 16625710, "p": "161.52", "q": "0.962383", "T": 1782878509987, "m": true, "M": true}
{"e": "trade", "E": 1782878510593, "s": "ETHUSDT", "t": 12540984, "p": "3547.34", "q": "0.015333", "T": 1782878510593, "m": true, "M": true}
{"e": "trade", "E": 1782878510689, "s": "ETHUSDT", "t": 12538492, "p": "3559.46", "q": "0.733162", "T": 1782878510689, "m": true, "M": true}
{"e": "trade", "E": 1782878511262, "s": "ETHUSDT", "t": 12535751, "p": "3589.17", "q": "1.153932", "T": 1782878511262, "m": true, "M": true}
{"e": "trade", "E": 1782878511689, "s": "BTCUSDT", "t": 15440920, "p": "68625.73", "q": "2.380420", "T": 1782878511689, "m": false, "M": true}
{"e": "trade", "E": 1782878512850, "s": "ETHUSDT", "t": 12536063, "p": "3603.58", "q": "1.241655", "T": 1782878512850, "m": true, "M": true}
{"e": "trade", "E": 1782878513258, "s": "SOLUSDT", "t": 16626168, "p": "161.89", "q": "0.564735", "T": 1782878513258, "m": false, "M": true}
{"e": "trade", "E": 1782878513333, "s": "BTCUSDT", "t": 15440818, "p": "68471.01", "q": "1.828254", "T": 1782878513333, "m": true, "M": true}
{"e": "trade", "E": 1782878513634, "s": "SOLUSDT", "t": 16625834, "p": "162.14", "q": "2.314562", "T": 1782878513634, "m": false, "M": true}
{"e": "trade", "E": 1782878513923, "s": "ETHUSDT", "t": 12538251, "p": "3562.73", "q": "2.100712", "T": 1782878513923, "m": true, "M": true}
{"e": "trade", "E": 1782878514411, "s": "ETHUSDT", "t": 12538179, "p": "3573.25", "q": "1.961107", "T": 1782878514411, "m": false, "M": true}
{"e": "trade", "E": 1782878514661, "s": "ETHUSDT", "t": 12531303, "p": "3545.10", "q": "0.145279", "T": 1782878514661, "m": true, "M": true}
{"e": "trade", "E": 1782878514824, "s": "BTCUSDT", "t": 15440541, "p": "68165.29", "q": "0.138352", "T": 1782878514824, "m": false, "M": true}
{"e": "trade", "E": 1782878515057, "s": "SOLUSDT", "t": 16628746, "p": "166.28", "q": "1.324955", "T": 1782878515057, "m": false, "M": true}
{"e": "trade", "E": 1782878516090, "s": "SOLUSDT", "t": 16630882, "p": "166.58", "q": "1.311832", "T": 1782878516090, "m": true, "M": true}
{"e": "trade", "E": 1782878516146, "s": "SOLUSDT", "t": 16634923, "p": "165.22", "q": "0.882738", "T": 1782878516146, "m": true, "M": true}
{"e": "trade", "E": 1782878516534, "s": "ETHUSDT", "t": 12534366, "p": "3539.57", "q": "1.098845", "T": 1782878516534, "m": true, "M": true}
{"e": "trade", "E": 1782878517099, "s": "SOLUSDT", "t": 16626229, "p": "161.78", "q": "2.335678", "T": 1782878517099, "m": true, "M": true}
{"e": "trade", "E": 1782878517804, "s": "ETHUSDT", "t": 12538239, "p": "3567.82", "q": "0.391365", "T": 1782878517804, "m": false, "M": true}
{"e": "trade", "E": 1782878518383, "s": "SOLUSDT", "t": 16630633, "p": "167.87", "q": "1.294106", "T": 1782878518383, "m": true, "M": true}
{"e": "trade", "E": 1782878518781, "s": "ETHUSDT", "t": 12531031, "p": "3516.42", "q": "0.721548", "T": 1782878518781, "m": false, "M": true}
{"e": "trade", "E": 1782878519734, "s": "SOLUSDT", "t": 16631215, "p": "166.47", "q": "1.677701", "T": 1782878519734, "m": false, "M": true}
{"e": "trade", "E": 1782878520924, "s": "ETHUSDT", "t": 12533042, "p": "3525.50", "q": "1.530037", "T": 1782878520924, "m": false, "M": true}
{"e": "trade", "E": 1782878521298, "s": "ETHUSDT", "t": 12535583, "p": "3578.18", "q": "2.376886", "T": 1782878521298, "m": false, "M": true}
{"e": "trade", "E": 1782878521894, "s": "ETHUSDT", "t": 12536722, "p": "3601.06", "q": "1.243032", "T": 1782878521894, "m": true, "M": true}
{"e": "trade", "E": 1782878522658, "s": "BTCUSDT", "t": 15444463, "p": "67914.64", "q": "1.830675", "T": 1782878522658, "m": false, "M": true}
{"e": "trade", "E": 1782878524486, "s": "BTCUSDT", "t": 15440456, "p": "68266.35", "q": "0.161851", "T": 1782878524486, "m": true, "M": true}
{"e": "trade", "E": 1782878524948, "s": "ETHUSDT", "t": 12533538, "p": "3519.50", "q": "0.770625", "T": 1782878524948, "m": false, "M": true}
{"e": "trade", "E": 1782878525165, "s": "BTCUSDT", "t": 15443094, "p": "68762.19", "q": "1.654528", "T": 1782878525165, "m": false, "M": true}
{"e": "trade", "E": 1782878525176, "s": "BTCUSDT", "t": 15444927, "p": "67910.85", "q": "1.736405", "T": 1782878525176, "m": true, "M": true}
{"e": "trade", "E": 1782878525235, "s": "SOLUSDT", "t": 16634224, "p": "164.21", "q": "0.443480", "T": 1782878525235, "m": false, "M": true}
{"e": "trade", "E": 1782878525777, "s": "BTCUSDT", "t": 15443576, "p": "68322.85", "q": "2.449227", "T": 1782878525777, "m": true, "M": true}
{"e": "trade", "E": 1782878525850, "s": "ETHUSDT", "t": 12531660, "p": "3547.04", "q": "0.234668", "T": 1782878525850, "m": true, "M": true}
{"e": "trade", "E": 1782878526187, "s": "SOLUSDT", "t": 16630954, "p": "166.22", "q": "1.190168", "T": 1782878526187, "m": false, "M": true}
{"e": "trade", "E": 1782878526829, "s": "ETHUSDT", "t": 12532979, "p": "3524.18", "q": "0.935531", "T": 1782878526829, "m": false, "M": true}
{"e": "trade", "E": 1782878526850, "s": "BTCUSDT", "t": 15440395, "p": "68341.66", "q": "0.950815", "T": 1782878526850, "m": true, "M": true}
{"e": "trade", "E": 1782878527204, "s": "BTCUSDT", "t": 15436795, "p": "67959.91", "q": "1.839301", "T": 1782878527204, "m": true, "M": true}
{"e": "trade", "E": 1782878528601, "s": "ETHUSDT", "t": 12534005, "p": "3501.83", "q": "0.592652", "T": 1782878528601, "m": false, "M": true}
{"e": "trade", "E": 1782878528606, "s": "ETHUSDT", "t": 12531981, "p": "3538.54", "q": "1.714422", "T": 1782878528606, "m": false, "M": true}
{"e": "trade", "E": 1782878529078, "s": "BTCUSDT", "t": 15436005, "p": "68831.20", "q": "2.199092", "T": 1782878529078, "m": true, "M": true}
{"e": "trade", "E": 1782878529087, "s": "ETHUSDT", "t": 12540515, "p": "3509.53", "q": "2.148488", "T": 1782878529087, "m": true, "M": true}
{"e": "trade", "E": 1782878529635, "s": "BTCUSDT", "t": 15443006, "p": "68584.82", "q": "1.133676", "T": 1782878529635, "m": true, "M": true}
{"e": "trade", "E": 1782878529680, "s": "BTCUSDT", "t": 15444291, "p": "67615.08", "q": "0.741228", "T": 1782878529680, "m": false, "M": true}
{"e": "trade", "E": 1782878530003, "s": "ETHUSDT", "t": 12541792, "p": "3524.27", "q": "0.459896", "T": 1782878530003, "m": false, "M": true}
{"e": "trade", "E": 1782878533018, "s": "BTCUSDT", "t": 15444624, "p": "67958.33", "q": "2.123851", "T": 1782878533018, "m": false, "M": true}
{"e": "trade", "E": 1782878533213, "s": "SOLUSDT", "t": 16626285, "p": "161.90", "q": "0.856318", "T": 1782878533213, "m": false, "M": true}
{"e": "trade", "E": 1782878533495, "s": "ETHUSDT", "t": 12541121, "p": "3546.34", "q": "0.783796", "T": 1782878533495, "m": true, "M": true}
{"e": "trade", "E": 1782878533766, "s": "ETHUSDT", "t": 12541842, "p": "3523.07", "q": "1.374072", "T": 1782878533766, "m": true, "M": true}
{"e": "trade", "E": 1782878535377, "s": "BTCUSDT", "t": 15438082, "p": "68140.52", "q": "2.153087", "T": 1782878535377, "m": false, "M": true}
{"e": "trade", "E": 1782878536670, "s": "ETHUSDT", "t": 12534941, "p": "3564.25", "q": "0.076343", "T": 1782878536670, "m": false, "M": true}
{"e": "trade", "E": 1782878537319, "s": "SOLUSDT", "t": 16630780, "p": "167.44", "q": "0.727000", "T": 1782878537319, "m": false, "M": true}
{"e": "trade", "E": 1782878538078, "s": "BTCUSDT", "t": 15433831, "p": "68569.66", "q": "0.229572", "T": 1782878538078, "m": false, "M": true}
{"e": "trade", "E": 1782878538303, "s": "SOLUSDT", "t": 16627260, "p": "161.81", "q": "1.899066", "T": 1782878538303, "m": false, "M": true}
{"e": "trade", "E": 1782878539775, "s": "BTCUSDT", "t": 15444971, "p": "67863.13", "q": "1.716689", "T": 1782878539775, "m": true, "M": true}
{"e": "trade", "E": 1782878539902, "s": "SOLUSDT", "t": 16632181, "p": "163.67", "q": "2.180105", "T": 1782878539902, "m": true, "M": true}
{"e": "trade", "E": 1782878540168, "s": "BTCUSDT", "t": 15441792, "p": "68853.77", "q": "0.284905", "T": 1782878540168, "m": true, "M": true}
{"e": "trade", "E": 1782878540707, "s": "SOLUSDT", "t": 16634172, "p": "163.50", "q": "2.084039", "T": 1782878540707, "m": true, "M": true}
{"e": "trade", "E": 1782878540709, "s": "BTCUSDT", "t": 15433327, "p": "68495.49", "q": "0.994518", "T": 1782878540709, "m": true, "M": true}
{"e": "trade", "E": 1782878540777, "s": "SOLUSDT", "t": 16624783, "p": "163.73", "q": "1.566715", "T": 1782878540777, "m": false, "M": true}
{"e": "trade", "E": 1782878541236, "s": "SOLUSDT", "t": 16627212, "p": "161.68", "q": "1.603746", "T": 1782878541236, "m": true, "M": true}
{"e": "trade", "E": 1782878541287, "s": "ETHUSDT", "t": 12535323, "p": "3571.96", "q": "1.637966", "T": 1782878541287, "m": true, "M": true}
{"e": "trade", "E": 1782878541314, "s": "ETHUSDT", "t": 12537838, "p": "3588.73", "q": "1.379823", "T": 1782878541314, "m": true, "M": true}
{"e": "trade", "E": 1782878541704, "s": "ETHUSDT", "t": 12541249, "p": "3537.60", "q": "0.844565", "T": 1782878541704, "m": false, "M": true}
{"e": "trade", "E": 1782878542410, "s": "ETHUSDT", "t": 12533071, "p": "3522.79", "q": "0.147613", "T": 1782878542410, "m": false, "M": true}
{"e": "trade", "E": 1782878542702, "s": "ETHUSDT", "t": 12535640, "p": "3585.94", "q": "0.375722", "T": 1782878542702, "m": false, "M": true}
{"e": "trade", "E": 1782878544414, "s": "ETHUSDT", "t": 12535051, "p": "3568.08", "q": "1.164389", "T": 1782878544414, "m": true, "M": true}
{"e": "trade", "E": 1782878545521, "s": "ETHUSDT", "t": 12542185, "p": "3525.46", "q": "1.436245", "T": 1782878545521, "m": true, "M": true}
{"e": "trade", "E": 1782878545569, "s": "ETHUSDT", "t": 12539528, "p": "3520.35", "q": "0.550776", "T": 1782878545569, "m": false, "M": true}
{"e": "trade", "E": 1782878546801, "s": "BTCUSDT", "t": 15442265, "p": "68958.52", "q": "1.551105", "T": 1782878546801, "m": true, "M": true}
{"e": "trade", "E": 1782878547209, "s": "BTCUSDT", "t": 15437648, "p": "68296.86", "q": "1.689194", "T": 1782878547209, "m": false, "M": true}
{"e": "trade", "E": 1782878547211, "s": "SOLUSDT", "t": 16625377, "p": "161.25", "q": "2.209965", "T": 1782878547211, "m": true, "M": true}
{"e": "trade", "E": 1782878547517, "s": "ETHUSDT", "t": 12533511, "p": "3517.19", "q": "0.099802", "T": 1782878547517, "m": false, "M": true}
{"e": "trade", "E": 1782878547823, "s": "ETHUSDT", "t": 12532140, "p": "3531.07", "q": "1.034037", "T": 1782878547823, "m": true, "M": true}
{"e": "trade", "E": 1782878548110, "s": "BTCUSDT", "t": 15438794, "p": "67697.15", "q": "2.429923", "T": 1782878548110, "m": false, "M": true}
{"e": "trade", "E": 1782878548196, "s": "ETHUSDT", "t": 12531664, "p": "3547.29", "q": "1.026444", "T": 1782878548196, "m": true, "M": true}
{"e": "trade", "E": 1782878548530, "s": "SOLUSDT", "t": 16630380, "p": "168.20", "q": "1.797390", "T": 1782878548530, "m": true, "M": true}
{"e": "trade", "E": 1782878548797, "s": "BTCUSDT", "t": 15436997, "p": "68308.96", "q": "0.381489", "T": 1782878548797, "m": false, "M": true}
{"e": "trade", "E": 1782878548868, "s": "ETHUSDT", "t": 12535158, "p": "3562.66", "q": "1.380225", "T": 1782878548868, "m": false, "M": true}
{"e": "trade", "E": 1782878549035, "s": "SOLUSDT", "t": 16631602, "p": "164.55", "q": "0.269094", "T": 1782878549035, "m": false, "M": true}
{"e": "trade", "E": 1782878549265, "s": "SOLUSDT", "t": 16629963, "p": "169.18", "q": "0.315920", "T": 1782878549265, "m": false, "M": true}
{"e": "trade", "E": 1782878549275, "s": "BTCUSDT", "t": 15437627, "p": "68397.50", "q": "0.957262", "T": 1782878549275, "m": false, "M": true}
{"e": "trade", "E": 1782878549421, "s": "ETHUSDT", "t": 12531349, "p": "3549.69", "q": "0.759155", "T": 1782878549421, "m": true, "M": true}
{"e": "trade", "E": 1782878550749, "s": "SOLUSDT", "t": 16633043, "p": "160.89", "q": "0.319594", "T": 1782878550749, "m": true, "M": true}
{"e": "trade", "E": 1782878550894, "s": "ETHUSDT", "t": 12534997, "p": "3578.05", "q": "1.562823", "T": 1782878550894, "m": true, "M": true}
{"e": "trade", "E": 1782878551764, "s": "SOLUSDT", "t": 16630388, "p": "167.97", "q": "0.861399", "T": 1782878551764, "m": true, "M": true}
{"e": "trade", "E": 1782878551932, "s": "SOLUSDT", "t": 16624553, "p": "163.25", "q": "1.519967", "T": 1782878551932, "m": false, "M": true}
{"e": "trade", "E": 1782878552592, "s": "ETHUSDT", "t": 12540013, "p": "3536.80", "q": "0.026381", "T": 1782878552592, "m": true, "M": true}
{"e": "trade", "E": 1782878553019, "s": "SOLUSDT", "t": 16632806, "p": "162.60", "q": "1.198804", "T": 1782878553019, "m": false, "M": true}
{"e": "trade", "E": 1782878553320, "s": "ETHUSDT", "t": 12541392, "p": "3541.01", "q": "1.121421", "T": 1782878553320, "m": false, "M": true}
{"e": "trade", "E": 1782878553636, "s": "BTCUSDT", "t": 15436915, "p": "68357.86", "q": "0.525036", "T": 1782878553636, "m": false, "M": true}
{"e": "trade", "E": 1782878553711, "s": "ETHUSDT", "t": 12533307, "p": "3526.11", "q": "1.160145", "T": 1782878553711, "m": false, "M": true}
{"e": "trade", "E": 1782878553759, "s": "ETHUSDT", "t": 12538148, "p": "3580.27", "q": "2.397002", "T": 1782878553759, "m": false, "M": true}
{"e": "trade", "E": 1782878554169, "s": "ETHUSDT", "t": 12531044, "p": "3520.49", "q": "2.270102", "T": 1782878554169, "m": true, "M": true}
{"e": "trade", "E": 1782878555545, "s": "ETHUSDT", "t": 12542588, "p": "3532.92", "q": "0.968068", "T": 1782878555545, "m": true, "M": true}
{"e": "trade", "E": 1782878556073, "s": "ETHUSDT", "t": 12532263, "p": "3514.34", "q": "0.953604", "T": 1782878556073, "m": true, "M": true}
{"e": "trade", "E": 1782878557849, "s": "ETHUSDT", "t": 12542447, "p": "3565.33", "q": "0.621531", "T": 1782878557849, "m": true, "M": true}
{"e": "trade", "E": 1782878557936, "s": "ETHUSDT", "t": 12536520, "p": "3597.92", "q": "1.396708", "T": 1782878557936, "m": false, "M": true}
{"e": "trade", "E": 1782878558163, "s": "BTCUSDT", "t": 15437251, "p": "68525.40", "q": "1.836280", "T": 1782878558163, "m": false, "M": true}
{"e": "trade", "E": 1782878558446, "s": "ETHUSDT", "t": 12534279, "p": "3529.75", "q": "2.283620", "T": 1782878558446, "m": false, "M": true}
{"e": "trade", "E": 1782878558650, "s": "SOLUSDT", "t": 16627942, "p": "162.05", "q": "2.045738", "T": 1782878558650, "m": true, "M": true}
{"e": "trade", "E": 1782878559290, "s": "SOLUSDT", "t": 16624971, "p": "163.53", "q": "2.200697", "T": 1782878559290, "m": false, "M": true}
{"e": "trade", "E": 1782878559601, "s": "BTCUSDT", "t": 15444413, "p": "67827.69", "q": "0.990980", "T": 1782878559601, "m": false, "M": true}
{"e": "trade", "E": 1782878560287, "s": "BTCUSDT", "t": 15443925, "p": "68030.19", "q": "0.180070", "T": 1782878560287, "m": true, "M": true}
{"e": "trade", "E": 1782878560634, "s": "SOLUSDT", "t": 16626590, "p": "162.48", "q": "2.358582", "T": 1782878560634, "m": true, "M": true}
{"e": "trade", "E": 1782878561063, "s": "SOLUSDT", "t": 16624194, "p": "166.04", "q": "1.594006", "T": 1782878561063, "m": false, "M": true}
{"e": "trade", "E": 1782878561181, "s": "SOLUSDT", "t": 16629372, "p": "167.45", "q": "0.361533", "T": 1782878561181, "m": true, "M": true}
{"e": "trade", "E": 1782878561409, "s": "ETHUSDT", "t": 12542543, "p": "3538.57", "q": "0.598357", "T": 1782878561409, "m": false, "M": true}
{"e": "trade", "E": 1782878563305, "s": "SOLUSDT", "t": 16624307, "p": "166.60", "q": "2.102078", "T": 1782878563305, "m": true, "M": true}
{"e": "trade", "E": 1782878563446, "s": "BTCUSDT", "t": 15439521, "p": "67722.34", "q": "1.364492", "T": 1782878563446, "m": false, "M": true}
{"e": "trade", "E": 1782878564034, "s": "BTCUSDT", "t": 15440732, "p": "68432.91", "q": "0.034444", "T": 1782878564034, "m": true, "M": true}
{"e": "trade", "E": 1782878565302, "s": "SOLUSDT", "t": 16627226, "p": "161.34", "q": "0.067415", "T": 1782878565302, "m": false, "M": true}
{"e": "trade", "E": 1782878565599, "s": "SOLUSDT", "t": 16632802, "p": "162.62", "q": "2.249726", "T": 1782878565599, "m": true, "M": true}
{"e": "trade", "E": 1782878567787, "s": "BTCUSDT", "t": 15439141, "p": "67544.45", "q": "0.054524", "T": 1782878567787, "m": false, "M": true}
{"e": "trade", "E": 1782878567821, "s": "SOLUSDT", "t": 16630040, "p": "168.73", "q": "0.881917", "T": 1782878567821, "m": false, "M": true}
{"e": "trade", "E": 1782878567921, "s": "ETHUSDT", "t": 12533242, "p": "3535.17", "q": "0.638974", "T": 1782878567921, "m": false, "M": true}
{"e": "trade", "E": 1782878568745, "s": "SOLUSDT", "t": 16628779, "p": "166.22", "q": "0.709132", "T": 1782878568745, "m": true, "M": true}
{"e": "trade", "E": 1782878569428, "s": "BTCUSDT", "t": 15433599, "p": "68254.06", "q": "0.511905", "T": 1782878569428, "m": true, "M": true}
{"e": "trade", "E": 1782878569433, "s": "BTCUSDT", "t": 15443661, "p": "68245.71", "q": "1.179419", "T": 1782878569433, "m": false, "M": true}
{"e": "trade", "E": 1782878569743, "s": "SOLUSDT", "t": 16635252, "p": "164.70", "q": "0.192677", "T": 1782878569743, "m": true, "M": true}
{"e": "trade", "E": 1782878571311, "s": "SOLUSDT", "t": 16628469, "p": "164.70", "q": "2.306146", "T": 1782878571311, "m": false, "M": true}
{"e": "trade", "E": 1782878571609, "s": "SOLUSDT", "t": 16627390, "p": "161.10", "q": "0.351490", "T": 1782878571609, "m": false, "M": true}
{"e": "trade", "E": 1782878572642, "s": "ETHUSDT", "t": 12541773, "p": "3527.41", "q": "2.138737", "T": 1782878572642, "m": false, "M": true}
{"e": "trade", "E": 1782878573083, "s": "SOLUSDT", "t": 16626503, "p": "162.42", "q": "0.349324", "T": 1782878573083, "m": false, "M": true}
{"e": "trade", "E": 1782878573990, "s": "SOLUSDT", "t": 16632791, "p": "162.89", "q": "1.305988", "T": 1782878573990, "m": false, "M": true}
{"e": "trade", "E": 1782878574263, "s": "ETHUSDT", "t": 12542301, "p": "3524.31", "q": "1.528407", "T": 1782878574263, "m": false, "M": true}
{"e": "trade", "E": 1782878574684, "s": "SOLUSDT", "t": 16625144, "p": "162.36", "q": "0.441340", "T": 1782878574684, "m": true, "M": true}
{"e": "trade", "E": 1782878574734, "s": "BTCUSDT", "t": 15437819, "p": "68363.15", "q": "1.713771", "T": 1782878574734, "m": false, "M": true}
{"e": "trade", "E": 1782878574835, "s": "SOLUSDT", "t": 16629394, "p": "167.33", "q": "1.720701", "T": 1782878574835, "m": false, "M": true}
{"e": "trade", "E": 1782878574898, "s": "ETHUSDT", "t": 12539388, "p": "3504.99", "q": "1.275267", "T": 1782878574898, "m": false, "M": true}
{"e": "trade", "E": 1782878576158, "s": "BTCUSDT", "t": 15442659, "p": "68944.90", "q": "1.096645", "T": 1782878576158, "m": false, "M": true}
{"e": "trade", "E": 1782878577199, "s": "BTCUSDT", "t": 15434683, "p": "68593.94", "q": "0.902629", "T": 1782878577199, "m": true, "M": true}
{"e": "trade", "E": 1782878577230, "s": "SOLUSDT", "t": 16627118, "p": "162.73", "q": "2.206433", "T": 1782878577230, "m": false, "M": true}
{"e": "trade", "E": 1782878577367, "s": "SOLUSDT", "t": 16635318, "p": "163.38", "q": "1.661430", "T": 1782878577367, "m": true, "M": true}
{"e": "trade", "E": 1782878578092, "s": "SOLUSDT", "t": 16629363, "p": "167.09", "q": "0.381698", "T": 1782878578092, "m": false, "M": true}
{"e": "trade", "E": 1782878578096, "s": "SOLUSDT", "t": 16633652, "p": "162.46", "q": "2.277511", "T": 1782878578096, "m": false, "M": true}
{"e": "trade", "E": 1782878578638, "s": "BTCUSDT", "t": 15437905, "p": "68301.54", "q": "0.623361", "T": 1782878578638, "m": false, "M": true}
{"e": "trade", "E": 1782878579209, "s": "SOLUSDT", "t": 16627775, "p": "161.80", "q": "1.887787", "T": 1782878579209, "m": false, "M": true}
{"e": "trade", "E": 1782878579210, "s": "ETHUSDT", "t": 12536868, "p": "3611.82", "q": "1.721086", "T": 1782878579210, "m": true, "M": true}
{"e": "trade", "E": 1782878579742, "s": "ETHUSDT", "t": 12541154, "p": "3539.93", "q": "1.887877", "T": 1782878579742, "m": false, "M": true}
{"e": "trade", "E": 1782878579911, "s": "BTCUSDT", "t": 15436422, "p": "68274.59", "q": "2.334036", "T": 1782878579911, "m": true, "M": true}
{"e": "trade", "E": 1782878580164, "s": "ETHUSDT", "t": 12534101, "p": "3496.03", "q": "0.649044", "T": 1782878580164, "m": false, "M": true}
{"e": "trade", "E": 1782878580908, "s": "ETHUSDT", "t": 12530970, "p": "3514.96", "q": "2.057065", "T": 1782878580908, "m": false, "M": true}
{"e": "trade", "E": 1782878580982, "s": "BTCUSDT", "t": 15436577, "p": "68082.87", "q": "1.194936", "T": 1782878580982, "m": false, "M": true}
{"e": "trade", "E": 1782878581062, "s": "ETHUSDT", "t": 12537545, "p": "3587.12", "q": "0.045808", "T": 1782878581062, "m": true, "M": true}
{"e": "trade", "E": 1782878581107, "s": "ETHUSDT", "t": 12542068, "p": "3514.88", "q": "0.821029", "T": 1782878581107, "m": true, "M": true}
{"e": "trade", "E": 1782878581114, "s": "ETHUSDT", "t": 12533750, "p": "3500.42", "q": "2.331788", "T": 1782878581114, "m": false, "M": true}
{"e": "trade", "E": 1782878581391, "s": "ETHUSDT", "t": 12540146, "p": "3521.89", "q": "0.071870", "T": 1782878581391, "m": false, "M": true}
{"e": "trade", "E": 1782878581414, "s": "ETHUSDT", "t": 12532285, "p": "3524.44", "q": "1.541155", "T": 1782878581414, "m": true, "M": true}
{"e": "trade", "E": 1782878581495, "s": "SOLUSDT", "t": 16627661, "p": "162.00", "q": "0.773773", "T": 1782878581495, "m": true, "M": true}
{"e": "trade", "E": 1782878582375, "s": "SOLUSDT", "t": 16630813, "p": "166.88", "q": "2.024271", "T": 1782878582375, "m": false, "M": true}
{"e": "trade", "E": 1782878582515, "s": "ETHUSDT", "t": 12531719, "p": "3537.58", "q": "0.647937", "T": 1782878582515, "m": true, "M": true}
{"e": "trade", "E": 1782878583961, "s": "SOLUSDT", "t": 16628445, "p": "164.50", "q": "1.563706", "T": 1782878583961, "m": true, "M": true}
{"e": "trade", "E": 1782878584244, "s": "SOLUSDT", "t": 16626236, "p": "161.50", "q": "1.431584", "T": 1782878584244, "m": false, "M": true}
{"e": "trade", "E": 1782878586607, "s": "ETHUSDT", "t": 12533689, "p": "3504.35", "q": "2.444588", "T": 1782878586607, "m": true, "M": true}
{"e": "trade", "E": 1782878587110, "s": "ETHUSDT", "t": 12542888, "p": "3526.42", "q": "1.576856", "T": 1782878587110, "m": true, "M": true}
{"e": "trade", "E": 1782878587563, "s": "ETHUSDT", "t": 12534627, "p": "3551.98", "q": "1.943914", "T": 1782878587563, "m": false, "M": true}
{"e": "trade", "E": 1782878588509, "s": "BTCUSDT", "t": 15434468, "p": "68631.05", "q": "1.031001", "T": 1782878588509, "m": false, "M": true}
{"e": "trade", "E": 1782878589018, "s": "BTCUSDT", "t": 15436011, "p": "68827.07", "q": "0.005242", "T": 1782878589018, "m": true, "M": true}
{"e": "trade", "E": 1782878589063, "s": "BTCUSDT", "t": 15443502, "p": "68549.64", "q": "0.423844", "T": 1782878589063, "m": true, "M": true}
{"e": "trade", "E": 1782878589172, "s": "SOLUSDT", "t": 16631659, "p": "165.39", "q": "1.987443", "T": 1782878589172, "m": false, "M": true}
{"e": "trade", "E": 1782878589490, "s": "SOLUSDT", "t": 16627001, "p": "162.95", "q": "0.507411", "T": 1782878589490, "m": true, "M": true}
{"e": "trade", "E": 1782878590190, "s": "SOLUSDT", "t": 16635421, "p": "164.30", "q": "0.770505", "T": 1782878590190, "m": true, "M": true}
{"e": "trade", "E": 1782878591160, "s": "BTCUSDT", "t": 15437692, "p": "68145.98", "q": "0.822600", "T": 1782878591160, "m": true, "M": true}
{"e": "trade", "E": 1782878592135, "s": "ETHUSDT", "t": 12536790, "p": "3604.93", "q": "0.232056", "T": 1782878592135, "m": false, "M": true}
{"e": "trade", "E": 1782878593180, "s": "SOLUSDT", "t": 16635196, "p": "164.80", "q": "0.936609", "T": 1782878593180, "m": false, "M": true}
{"e": "trade", "E": 1782878593336, "s": "SOLUSDT", "t": 16631189, "p": "166.10", "q": "0.570404", "T": 1782878593336, "m": false, "M": true}
{"e": "trade", "E": 1782878594034, "s": "BTCUSDT", "t": 15444785, "p": "68062.83", "q": "1.171031", "T": 1782878594034, "m": true, "M": true}
{"e": "trade", "E": 1782878595253, "s": "BTCUSDT", "t": 15433714, "p": "68450.35", "q": "1.516710", "T": 1782878595253, "m": false, "M": true}
{"e": "trade", "E": 1782878595566, "s": "SOLUSDT", "t": 16628142, "p": "162.18", "q": "1.630834", "T": 1782878595566, "m": true, "M": true}
{"e": "trade", "E": 1782878595642, "s": "BTCUSDT", "t": 15433119, "p": "68070.96", "q": "2.490939", "T": 1782878595642, "m": true, "M": true}
{"e": "trade", "E": 1782878596406, "s": "BTCUSDT", "t": 15442848, "p": "68745.71", "q": "1.243032", "T": 1782878596406, "m": false, "M": true}
{"e": "trade", "E": 1782878596802, "s": "BTCUSDT", "t": 15438842, "p": "67803.09", "q": "2.266566", "T": 1782878596802, "m": true, "M": true}
{"e": "trade", "E": 1782878599562, "s": "SOLUSDT", "t": 16626603, "p": "162.72", "q": "0.881818", "T": 1782878599562, "m": true, "M": true}
{"e": "trade", "E": 1782878599748, "s": "ETHUSDT", "t": 12536246, "p": "3601.89", "q": "1.091128", "T": 1782878599748, "m": false, "M": true}
{"e": "trade", "E": 1782878601567, "s": "SOLUSDT", "t": 16632819, "p": "162.50", "q": "1.484786", "T": 1782878601567, "m": true, "M": true}
{"e": "trade", "E": 1782878601871, "s": "ETHUSDT", "t": 12534769, "p": "3536.74", "q": "0.342088", "T": 1782878601871, "m": false, "M": true}
{"e": "trade", "E": 1782878601891, "s": "BTCUSDT", "t": 15441800, "p": "68921.32", "q": "1.704736", "T": 1782878601891, "m": true, "M": true}
{"e": "trade", "E": 1782878601966, "s": "SOLUSDT", "t": 16628988, "p": "165.82", "q": "0.777715", "T": 1782878601966, "m": true, "M": true}
{"e": "trade", "E": 1782878602010, "s": "BTCUSDT", "t": 15434321, "p": "68618.68", "q": "1.823315", "T": 1782878602010, "m": false, "M": true}
{"e": "trade", "E": 1782878602453, "s": "ETHUSDT", "t": 12535621, "p": "3580.61", "q": "2.040346", "T": 1782878602453, "m": false, "M": true}
{"e": "trade", "E": 1782878603522, "s": "BTCUSDT", "t": 15433252, "p": "68452.28", "q": "0.037809", "T": 1782878603522, "m": false, "M": true}
{"e": "trade", "E": 1782878603614, "s": "BTCUSDT", "t": 15437558, "p": "68504.09", "q": "1.013262", "T": 1782878603614, "m": true, "M": true}
{"e": "trade", "E": 1782878603675, "s": "SOLUSDT", "t": 16630667, "p": "167.21", "q": "1.884431", "T": 1782878603675, "m": false, "M": true}
{"e": "trade", "E": 1782878603844, "s": "ETHUSDT", "t": 12536178, "p": "3613.87", "q": "2.463889", "T": 1782878603844, "m": false, "M": true}
{"e": "trade", "E": 1782878604277, "s": "BTCUSDT", "t": 15440467, "p": "68271.34", "q": "2.230717", "T": 1782878604277, "m": false, "M": true}
{"e": "trade", "E": 1782878605146, "s": "BTCUSDT", "t": 15443826, "p": "68085.91", "q": "2.284676", "T": 1782878605146, "m": true, "M": true}
{"e": "trade", "E": 1782878605452, "s": "ETHUSDT", "t": 12533381, "p": "3531.73", "q": "2.107843", "T": 1782878605452, "m": true, "M": true}
{"e": "trade", "E": 1782878606501, "s": "ETHUSDT", "t": 12536717, "p": "3600.77", "q": "1.674381", "T": 1782878606501, "m": false, "M": true}
{"e": "trade", "E": 1782878606633, "s": "ETHUSDT", "t": 12532968, "p": "3525.82", "q": "2.107289", "T": 1782878606633, "m": false, "M": true}
{"e": "trade", "E": 1782878606899, "s": "SOLUSDT", "t": 16635615, "p": "164.86", "q": "0.782497", "T": 1782878606899, "m": true, "M": true}
{"e": "trade", "E": 1782878606916, "s": "BTCUSDT", "t": 15442406, "p": "69182.09", "q": "1.977129", "T": 1782878606916, "m": false, "M": true}
{"e": "trade", "E": 1782878607451, "s": "BTCUSDT", "t": 15443056, "p": "68717.86", "q": "0.460739", "T": 1782878607451, "m": true, "M": true}
{"e": "trade", "E": 1782878607734, "s": "BTCUSDT", "t": 15438002, "p": "68176.73", "q": "0.947564", "T": 1782878607734, "m": true, "M": true}
{"e": "trade", "E": 1782878607992, "s": "ETHUSDT", "t": 12540207, "p": "3530.69", "q": "0.404398", "T": 1782878607992, "m": true, "M": true}
{"e": "trade", "E": 1782878608310, "s": "ETHUSDT", "t": 12534961, "p": "3575.54", "q": "1.215832", "T": 1782878608310, "m": true, "M": true}
{"e": "trade", "E": 1782878609369, "s": "BTCUSDT", "t": 15442170, "p": "68996.41", "q": "2.349821", "T": 1782878609369, "m": true, "M": true}
{"e": "trade", "E": 1782878609865, "s": "ETHUSDT", "t": 12539648, "p": "3523.45", "q": "1.071990", "T": 1782878609865, "m": false, "M": true}
{"e": "trade", "E": 1782878610775, "s": "SOLUSDT", "t": 16627685, "p": "161.22", "q": "1.944348", "T": 1782878610775, "m": false, "M": true}
{"e": "trade", "E": 1782878612004, "s": "ETHUSDT", "t": 12535339, "p": "3570.35", "q": "1.696840", "T": 1782878612004, "m": true, "M": true}
{"e": "trade", "E": 1782878612250, "s": "BTCUSDT", "t": 15439412, "p": "67586.69", "q": "1.882678", "T": 1782878612250, "m": false, "M": true}
{"e": "trade", "E": 1782878612905, "s": "ETHUSDT", "t": 12542451, "p": "3566.05", "q": "0.740116", "T": 1782878612905, "m": false, "M": true}
{"e": "trade", "E": 1782878613584, "s": "SOLUSDT", "t": 16629719, "p": "167.56", "q": "0.467046", "T": 1782878613584, "m": true, "M": true}
{"e": "trade", "E": 1782878613725, "s": "BTCUSDT", "t": 15433209, "p": "68398.28", "q": "2.135965", "T": 1782878613725, "m": true, "M": true}
{"e": "trade", "E": 1782878614414, "s": "SOLUSDT", "t": 16630599, "p": "167.76", "q": "1.035878", "T": 1782878614414, "m": false, "M": true}
{"e": "trade", "E": 1782878615098, "s": "ETHUSDT", "t": 12541855, "p": "3521.74", "q": "1.454887", "T": 1782878615098, "m": false, "M": true}
{"e": "trade", "E": 1782878615169, "s": "BTCUSDT", "t": 15440589, "p": "68262.11", "q": "1.898166", "T": 1782878615169, "m": false, "M": true}
{"e": "trade", "E": 1782878615883, "s": "ETHUSDT", "t": 12537320, "p": "3591.31", "q": "1.790566", "T": 1782878615883, "m": false, "M": true}
{"e": "trade", "E": 1782878615919, "s": "SOLUSDT", "t": 16631792, "p": "164.35", "q": "0.355920", "T": 1782878615919, "m": false, "M": true}
{"e": "trade", "E": 1782878616033, "s": "ETHUSDT", "t": 12536434, "p": "3619.72", "q": "1.427054", "T": 1782878616033, "m": false, "M": true}
{"e": "trade", "E": 1782878616255, "s": "BTCUSDT", "t": 15436884, "p": "68384.76", "q": "1.073852", "T": 1782878616255, "m": false, "M": true}
{"e": "trade", "E": 1782878616762, "s": "BTCUSDT", "t": 15443740, "p": "68105.87", "q": "1.792688", "T": 1782878616762, "m": true, "M": true}
{"e": "trade", "E": 1782878616995, "s": "ETHUSDT", "t": 12540039, "p": "3536.93", "q": "1.315773", "T": 1782878616995, "m": false, "M": true}
{"e": "trade", "E": 1782878619221, "s": "BTCUSDT", "t": 15435219, "p": "68471.94", "q": "1.043181", "T": 1782878619221, "m": true, "M": true}
{"e": "trade", "E": 1782878619700, "s": "ETHUSDT", "t": 12541493, "p": "3526.35", "q": "0.485570", "T": 1782878619700, "m": false, "M": true}
{"e": "trade", "E": 1782878619825, "s": "ETHUSDT", "t": 12536820, "p": "3602.67", "q": "0.117160", "T": 1782878619825, "m": true, "M": true}
{"e": "trade", "E": 1782878620096, "s": "SOLUSDT", "t": 16631099, "p": "166.65", "q": "2.059159", "T": 1782878620096, "m": true, "M": true}
{"e": "trade", "E": 1782878620230, "s": "SOLUSDT", "t": 16625235, "p": "162.46", "q": "1.162336", "T": 1782878620230, "m": true, "M": true}
{"e": "trade", "E": 1782878620329, "s": "SOLUSDT", "t": 16631998, "p": "163.92", "q": "0.347637", "T": 1782878620329, "m": false, "M": true}
{"e": "trade", "E": 1782878620993, "s": "ETHUSDT", "t": 12542571, "p": "3532.91", "q": "1.106251", "T": 1782878620993, "m": true, "M": true}
{"e": "trade", "E": 1782878621872, "s": "ETHUSDT", "t": 12541307, "p": "3539.54", "q": "1.527711", "T": 1782878621872, "m": true, "M": true}
{"e": "trade", "E": 1782878622572, "s": "ETHUSDT", "t": 12540862, "p": "3535.48", "q": "0.289159", "T": 1782878622572, "m": false, "M": true}
{"e": "trade", "E": 1782878623922, "s": "BTCUSDT", "t": 15443048, "p": "68697.83", "q": "0.158784", "T": 1782878623922, "m": true, "M": true}
{"e": "trade", "E": 1782878624496, "s": "ETHUSDT", "t": 12541131, "p": "3543.31", "q": "0.929674", "T": 1782878624496, "m": true, "M": true}
{"e": "trade", "E": 1782878625707, "s": "SOLUSDT", "t": 16635095, "p": "165.36", "q": "1.845283", "T": 1782878625707, "m": false, "M": true}
{"e": "trade", "E": 1782878626264, "s": "BTCUSDT", "t": 15433176, "p": "68392.37", "q": "1.768974", "T": 1782878626264, "m": true, "M": true}
{"e": "trade", "E": 1782878626446, "s": "ETHUSDT", "t": 12540979, "p": "3548.11", "q": "2.027159", "T": 1782878626446, "m": true, "M": true}
{"e": "trade", "E": 1782878627868, "s": "SOLUSDT", "t": 16625876, "p": "162.43", "q": "0.380091", "T": 1782878627868, "m": true, "M": true}
{"e": "trade", "E": 1782878628089, "s": "BTCUSDT", "t": 15439261, "p": "67664.03", "q": "0.838390", "T": 1782878628089, "m": true, "M": true}
{"e": "trade", "E": 1782878628291, "s": "SOLUSDT", "t": 16631588, "p": "164.91", "q": "0.689207", "T": 1782878628291, "m": false, "M": true}
{"e": "trade", "E": 1782878628507, "s": "BTCUSDT", "t": 15440563, "p": "68217.94", "q": "2.139032", "T": 1782878628507, "m": false, "M": true}
{"e": "trade", "E": 1782878629059, "s": "SOLUSDT", "t": 16628863, "p": "165.60", "q": "1.702799", "T": 1782878629059, "m": false, "M": true}
{"e": "trade", "E": 1782878629078, "s": "SOLUSDT", "t": 16634619, "p": "166.76", "q": "0.132533", "T": 1782878629078, "m": false, "M": true}
{"e": "trade", "E": 1782878629450, "s": "SOLUSDT", "t": 16635287, "p": "163.65", "q": "1.894059", "T": 1782878629450, "m": true, "M": true}
{"e": "trade", "E": 1782878629729, "s": "ETHUSDT", "t": 12540275, "p": "3522.12", "q": "1.610005", "T": 1782878629729, "m": false, "M": true}
{"e": "trade", "E": 1782878630022, "s": "SOLUSDT", "t": 16627664, "p": "161.86", "q": "0.640792", "T": 1782878630022, "m": false, "M": true}
{"e": "trade", "E": 1782878631010, "s": "SOLUSDT", "t": 16629570, "p": "167.01", "q": "1.306135", "T": 1782878631010, "m": true, "M": true}
{"e": "trade", "E": 1782878631079, "s": "SOLUSDT", "t": 16635134, "p": "165.01", "q": "1.040158", "T": 1782878631079, "m": true, "M": true}
{"e": "trade", "E": 1782878631376, "s": "BTCUSDT", "t": 15442928, "p": "68672.97", "q": "2.100607", "T": 1782878631376, "m": false, "M": true}
{"e": "trade", "E": 1782878631865, "s": "ETHUSDT", "t": 12540749, "p": "3522.47", "q": "0.462571", "T": 1782878631865, "m": false, "M": true}
{"e": "trade", "E": 1782878631924, "s": "SOLUSDT", "t": 16632231, "p": "163.17", "q": "2.325067", "T": 1782878631924, "m": true, "M": true}
{"e": "trade", "E": 1782878631963, "s": "BTCUSDT", "t": 15444851, "p": "68032.37", "q": "1.425505", "T": 1782878631963, "m": false, "M": true}
{"e": "trade", "E": 1782878632323, "s": "ETHUSDT", "t": 12530982, "p": "3514.69", "q": "1.379318", "T": 1782878632323, "m": false, "M": true}
{"e": "trade", "E": 1782878632577, "s": "ETHUSDT", "t": 12533972, "p": "3504.60", "q": "1.977055", "T": 1782878632577, "m": false, "M": true}
{"e": "trade", "E": 1782878632847, "s": "SOLUSDT", "t": 16631448, "p": "166.22", "q": "2.200681", "T": 1782878632847, "m": true, "M": true}
{"e": "trade", "E": 1782878633783, "s": "ETHUSDT", "t": 12538435, "p": "3559.64", "q": "0.426195", "T": 1782878633783, "m": true, "M": true}
{"e": "trade", "E": 1782878634092, "s": "ETHUSDT", "t": 12542424, "p": "3561.24", "q": "0.720573", "T": 1782878634092, "m": false, "M": true}
{"e": "trade", "E": 1782878634602, "s": "ETHUSDT", "t": 12534147, "p": "3503.83", "q": "1.618336", "T": 1782878634602, "m": true, "M": true}
{"e": "trade", "E": 1782878635681, "s": "BTCUSDT", "t": 15440796, "p": "68532.08", "q": "0.509362", "T": 1782878635681, "m": true, "M": true}
{"e": "trade", "E": 1782878638320, "s": "ETHUSDT", "t": 12536028, "p": "3606.42", "q": "1.565808", "T": 1782878638320, "m": true, "M": true}
{"e": "trade", "E": 1782878638531, "s": "SOLUSDT", "t": 16626073, "p": "161.91", "q": "0.076542", "T": 1782878638531, "m": false, "M": true}
{"e": "trade", "E": 1782878639243, "s": "BTCUSDT", "t": 15436525, "p": "68055.61", "q": "2.061644", "T": 1782878639243, "m": false, "M": true}
{"e": "trade", "E": 1782878640853, "s": "SOLUSDT", "t": 16626857, "p": "163.58", "q": "1.753641", "T": 1782878640853, "m": false, "M": true}
{"e": "trade", "E": 1782878641344, "s": "BTCUSDT", "t": 15440885, "p": "68636.60", "q": "0.483642", "T": 1782878641344, "m": true, "M": true}
{"e": "trade", "E": 1782878643493, "s": "SOLUSDT", "t": 16627901, "p": "162.73", "q": "0.642715", "T": 1782878643493, "m": true, "M": true}
{"e": "trade", "E": 1782878643753, "s": "ETHUSDT", "t": 12538712, "p": "3552.10", "q": "0.567580", "T": 1782878643753, "m": false, "M": true}
{"e": "trade", "E": 1782878644252, "s": "ETHUSDT", "t": 12541962, "p": "3507.42", "q": "1.411190", "T": 1782878644252, "m": true, "M": true}
{"e": "trade", "E": 1782878644308, "s": "BTCUSDT", "t": 15438903, "p": "67547.00", "q": "0.236067", "T": 1782878644308, "m": true, "M": true}
{"e": "trade", "E": 1782878645404, "s": "ETHUSDT", "t": 12537206, "p": "3598.42", "q": "1.177203", "T": 1782878645404, "m": false, "M": true}
{"e": "trade", "E": 1782878645785, "s": "ETHUSDT", "t": 12534861, "p": "3559.69", "q": "0.319961", "T": 1782878645785, "m": true, "M": true}
{"e": "trade", "E": 1782878648067, "s": "SOLUSDT", "t": 16628865, "p": "165.59", "q": "2.489398", "T": 1782878648067, "m": false, "M": true}
{"e": "trade", "E": 1782878648456, "s": "ETHUSDT", "t": 12531571, "p": "3546.64", "q": "2.000238", "T": 1782878648456, "m": true, "M": true}
{"e": "trade", "E": 1782878648845, "s": "ETHUSDT", "t": 12536257, "p": "3606.86", "q": "1.750277", "T": 1782878648845, "m": true, "M": true}
{"e": "trade", "E": 1782878648920, "s": "ETHUSDT", "t": 12534085, "p": "3499.17", "q": "2.442582", "T": 1782878648920, "m": true, "M": true}
{"e": "trade", "E": 1782878649501, "s": "SOLUSDT", "t": 16635761, "p": "165.77", "q": "1.737768", "T": 1782878649501, "m": false, "M": true}
{"e": "trade", "E": 1782878649503, "s": "ETHUSDT", "t": 12535180, "p": "3558.31", "q": "0.689545", "T": 1782878649503, "m": true, "M": true}
{"e": "trade", "E": 1782878650731, "s": "BTCUSDT", "t": 15439396, "p": "67623.55", "q": "1.717840", "T": 1782878650731, "m": true, "M": true}
{"e": "trade", "E": 1782878651730, "s": "ETHUSDT", "t": 12532809, "p": "3538.73", "q": "0.823442", "T": 1782878651730, "m": true, "M": true}
{"e": "trade", "E": 1782878652806, "s": "BTCUSDT", "t": 15441781, "p": "68835.47", "q": "1.931412", "T": 1782878652806, "m": true, "M": true}
{"e": "trade", "E": 1782878653277, "s": "SOLUSDT", "t": 16633226, "p": "161.14", "q": "0.773786", "T": 1782878653277, "m": true, "M": true}
{"e": "trade", "E": 1782878653615, "s": "ETHUSDT", "t": 12533006, "p": "3530.71", "q": "0.688753", "T": 1782878653615, "m": true, "M": true}
{"e": "trade", "E": 1782878653689, "s": "SOLUSDT", "t": 16630834, "p": "166.97", "q": "2.423084", "T": 1782878653689, "m": false, "M": true}
{"e": "trade", "E": 1782878654586, "s": "ETHUSDT", "t": 12532960, "p": "3524.06", "q": "1.156150", "T": 1782878654586, "m": true, "M": true}
{"e": "trade", "E": 1782878655635, "s": "ETHUSDT", "t": 12531498, "p": "3549.65", "q": "0.985678", "T": 1782878655635, "m": true, "M": true}
{"e": "trade", "E": 1782878656541, "s": "BTCUSDT", "t": 15442603, "p": "69065.75", "q": "1.717083", "T": 1782878656541, "m": true, "M": true}
{"e": "trade", "E": 1782878656647, "s": "BTCUSDT", "t": 15437187, "p": "68606.66", "q": "1.643651", "T": 1782878656647, "m": false, "M": true}
{"e": "trade", "E": 1782878656795, "s": "SOLUSDT", "t": 16634869, "p": "165.15", "q": "0.331499", "T": 1782878656795, "m": true, "M": true}
{"e": "trade", "E": 1782878657049, "s": "BTCUSDT", "t": 15440807, "p": "68505.49", "q": "1.666445", "T": 1782878657049, "m": true, "M": true}
{"e": "trade", "E": 1782878657382, "s": "ETHUSDT", "t": 12532820, "p": "3541.69", "q": "0.195944", "T": 1782878657382, "m": true, "M": true}
{"e": "trade", "E": 1782878657396, "s": "SOLUSDT", "t": 16625157, "p": "162.23", "q": "1.685415", "T": 1782878657396, "m": false, "M": true}
{"e": "trade", "E": 1782878657488, "s": "SOLUSDT", "t": 16635232, "p": "164.93", "q": "1.357084", "T": 1782878657488, "m": true, "M": true}
{"e": "trade", "E": 1782878658457, "s": "BTCUSDT", "t": 15439129, "p": "67552.39", "q": "0.797844", "T": 1782878658457, "m": false, "M": true}
{"e": "trade", "E": 1782878658767, "s": "SOLUSDT", "t": 16635350, "p": "164.02", "q": "0.998792", "T": 1782878658767, "m": true, "M": true}
{"e": "trade", "E": 1782878658996, "s": "SOLUSDT", "t": 16629934, "p": "169.58", "q": "0.541780", "T": 1782878658996, "m": true, "M": true}
{"e": "trade", "E": 1782878659452, "s": "ETHUSDT", "t": 12535432, "p": "3565.38", "q": "0.216103", "T": 1782878659452, "m": true, "M": true}
{"e": "trade", "E": 1782878659858, "s": "SOLUSDT", "t": 16631227, "p": "166.67", "q": "0.347517", "T": 1782878659858, "m": false, "M": true}
{"e": "trade", "E": 1782878659934, "s": "ETHUSDT", "t": 12542547, "p": "3540.63", "q": "1.355122", "T": 1782878659934, "m": false, "M": true}
{"e": "trade", "E": 1782878660262, "s": "ETHUSDT", "t": 12536039, "p": "3606.46", "q": "1.221516", "T": 1782878660262, "m": false, "M": true}
{"e": "trade", "E": 1782878660742, "s": "ETHUSDT", "t": 12531422, "p": "3551.95", "q": "1.893044", "T": 1782878660742, "m": true, "M": true}
{"e": "trade", "E": 1782878661458, "s": "SOLUSDT", "t": 16633445, "p": "160.33", "q": "2.014901", "T": 1782878661458, "m": true, "M": true}
{"e": "trade", "E": 1782878663306, "s": "BTCUSDT", "t": 15443476, "p": "68613.06", "q": "1.337655", "T": 1782878663306, "m": true, "M": true}
{"e": "trade", "E": 1782878663588, "s": "ETHUSDT", "t": 12539853, "p": "3540.47", "q": "0.942671", "T": 1782878663588, "m": false, "M": true}
{"e": "trade", "E": 1782878664067, "s": "SOLUSDT", "t": 16632128, "p": "163.26", "q": "1.022832", "T": 1782878664067, "m": false, "M": true}
{"e": "trade", "E": 1782878664114, "s": "BTCUSDT", "t": 15444404, "p": "67802.98", "q": "0.734304", "T": 1782878664114, "m": true, "M": true}
{"e": "trade", "E": 1782878665055, "s": "BTCUSDT", "t": 15436369, "p": "68408.00", "q": "0.085521", "T": 1782878665055, "m": true, "M": true}
{"e": "trade", "E": 1782878665464, "s": "BTCUSDT", "t": 15436694, "p": "67962.34", "q": "2.478573", "T": 1782878665464, "m": false, "M": true}
{"e": "trade", "E": 1782878665901, "s": "SOLUSDT", "t": 16633613, "p": "161.50", "q": "1.153288", "T": 1782878665901, "m": true, "M": true}
{"e": "trade", "E": 1782878666365, "s": "SOLUSDT", "t": 16629037, "p": "166.30", "q": "2.333241", "T": 1782878666365, "m": false, "M": true}
{"e": "trade", "E": 1782878666504, "s": "ETHUSDT", "t": 12540180, "p": "3529.73", "q": "1.819261", "T": 1782878666504, "m": true, "M": true}
{"e": "trade", "E": 1782878667380, "s": "ETHUSDT", "t": 12536179, "p": "3613.17", "q": "1.325844", "T": 1782878667380, "m": true, "M": true}
{"e": "trade", "E": 1782878667594, "s": "ETHUSDT", "t": 12542511, "p": "3542.56", "q": "0.309569", "T": 1782878667594, "m": true, "M": true}
{"e": "trade", "E": 1782878668041, "s": "SOLUSDT", "t": 16630279, "p": "168.55", "q": "0.312061", "T": 1782878668041, "m": false, "M": true}
{"e": "trade", "E": 1782878669929, "s": "BTCUSDT", "t": 15433683, "p": "68390.68", "q": "0.286455", "T": 1782878669929, "m": false, "M": true}
{"e": "trade", "E": 1782878670284, "s": "ETHUSDT", "t": 12542141, "p": "3514.25", "q": "0.706786", "T": 1782878670284, "m": false, "M": true}
{"e": "trade", "E": 1782878670322, "s": "ETHUSDT", "t": 12535356, "p": "3568.67", "q": "0.978272", "T": 1782878670322, "m": false, "M": true}
{"e": "trade", "E": 1782878670634, "s": "ETHUSDT", "t": 12540902, "p": "3539.58", "q": "0.406940", "T": 1782878670634, "m": false, "M": true}
{"e": "trade", "E": 1782878671163, "s": "ETHUSDT", "t": 12541656, "p": "3526.01", "q": "1.528009", "T": 1782878671163, "m": true, "M": true}
{"e": "trade", "E": 1782878672008, "s": "ETHUSDT", "t": 12537432, "p": "3592.85", "q": "2.170663", "T": 1782878672008, "m": true, "M": true}
{"e": "trade", "E": 1782878673797, "s": "ETHUSDT", "t": 12533680, "p": "3505.91", "q": "0.423571", "T": 1782878673797, "m": false, "M": true}
{"e": "trade", "E": 1782878673875, "s": "ETHUSDT", "t": 12531967, "p": "3535.69", "q": "0.851870", "T": 1782878673875, "m": true, "M": true}
{"e": "trade", "E": 1782878674972, "s": "SOLUSDT", "t": 16630420, "p": "167.86", "q": "0.306381", "T": 1782878674972, "m": false, "M": true}
{"e": "trade", "E": 1782878675715, "s": "SOLUSDT", "t": 16632264, "p": "163.28", "q": "0.175173", "T": 1782878675715, "m": false, "M": true}
{"e": "trade", "E": 1782878676240, "s": "SOLUSDT", "t": 16632117, "p": "163.39", "q": "2.033122", "T": 1782878676240, "m": true, "M": true}
{"e": "trade", "E": 1782878676399, "s": "ETHUSDT", "t": 12537875, "p": "3588.98", "q": "1.186643", "T": 1782878676399, "m": true, "M": true}
{"e": "trade", "E": 1782878676649, "s": "SOLUSDT", "t": 16626614, "p": "162.64", "q": "0.130318", "T": 1782878676649, "m": true, "M": true}
{"e": "trade", "E": 1782878677135, "s": "ETHUSDT", "t": 12536268, "p": "3608.52", "q": "2.257547", "T": 1782878677135, "m": false, "M": true}
{"e": "trade", "E": 1782878677501, "s": "SOLUSDT", "t": 16625315, "p": "161.92", "q": "0.129891", "T": 1782878677501, "m": true, "M": true}
{"e": "trade", "E": 1782878678154, "s": "BTCUSDT", "t": 15437357, "p": "68539.91", "q": "2.172425", "T": 1782878678154, "m": false, "M": true}
{"e": "trade", "E": 1782878679236, "s": "BTCUSDT", "t": 15435591, "p": "68680.12", "q": "2.163432", "T": 1782878679236, "m": true, "M": true}
{"e": "trade", "E": 1782878680740, "s": "ETHUSDT", "t": 12533310, "p": "3522.45", "q": "1.168975", "T": 1782878680740, "m": true, "M": true}
{"e": "trade", "E": 1782878681251, "s": "SOLUSDT", "t": 16629834, "p": "168.56", "q": "0.489971", "T": 1782878681251, "m": false, "M": true}
{"e": "trade", "E": 1782878681291, "s": "ETHUSDT", "t": 12541758, "p": "3530.97", "q": "0.340259", "T": 1782878681291, "m": true, "M": true}
{"e": "trade", "E": 1782878681563, "s": "ETHUSDT", "t": 12539300, "p": "3504.41", "q": "1.589152", "T": 1782878681563, "m": true, "M": true}
{"e": "trade", "E": 1782878681604, "s": "ETHUSDT", "t": 12534481, "p": "3552.31", "q": "0.739155", "T": 1782878681604, "m": true, "M": true}
{"e": "trade", "E": 1782878682337, "s": "ETHUSDT", "t": 12541953, "p": "3507.46", "q": "2.278684", "T": 1782878682337, "m": false, "M": true}
{"e": "trade", "E": 1782878682601, "s": "SOLUSDT", "t": 16624404, "p": "166.18", "q": "0.349377", "T": 1782878682601, "m": false, "M": true}
{"e": "trade", "E": 1782878682882, "s": "SOLUSDT", "t": 16630187, "p": "167.61", "q": "0.992140", "T": 1782878682882, "m": true, "M": true}
{"e": "trade", "E": 1782878683557, "s": "SOLUSDT", "t": 16628700, "p": "166.56", "q": "2.108657", "T": 1782878683557, "m": true, "M": true}
{"e": "trade", "E": 1782878683636, "s": "SOLUSDT", "t": 16630889, "p": "166.23", "q": "2.300567", "T": 1782878683636, "m": true, "M": true}
{"e": "trade", "E": 1782878684039, "s": "ETHUSDT", "t": 12535915, "p": "3602.78", "q": "0.461397", "T": 1782878684039, "m": true, "M": true}
{"e": "trade", "E": 1782878684738, "s": "ETHUSDT", "t": 12538895, "p": "3519.48", "q": "1.300683", "T": 1782878684738, "m": true, "M": true}
{"e": "trade", "E": 1782878685321, "s": "BTCUSDT", "t": 15440906, "p": "68638.42", "q": "1.970958", "T": 1782878685321, "m": true, "M": true}
{"e": "trade", "E": 1782878685661, "s": "SOLUSDT", "t": 16632659, "p": "162.40", "q": "1.622622", "T": 1782878685661, "m": true, "M": true}
{"e": "trade", "E": 1782878685818, "s": "SOLUSDT", "t": 16634534, "p": "166.20", "q": "2.258363", "T": 1782878685818, "m": false, "M": true}
{"e": "trade", "E": 1782878685877, "s": "ETHUSDT", "t": 12531411, "p": "3550.21", "q": "1.775827", "T": 1782878685877, "m": false, "M": true}
{"e": "trade", "E": 1782878686215, "s": "ETHUSDT", "t": 12541605, "p": "3528.77", "q": "2.148132", "T": 1782878686215, "m": false, "M": true}
{"e": "trade", "E": 1782878686694, "s": "ETHUSDT", "t": 12533927, "p": "3503.15", "q": "0.696620", "T": 1782878686694, "m": false, "M": true}
{"e": "trade", "E": 1782878688253, "s": "SOLUSDT", "t": 16633164, "p": "160.81", "q": "1.840407", "T": 1782878688253, "m": true, "M": true}
{"e": "trade", "E": 1782878688633, "s": "SOLUSDT", "t": 16635807, "p": "164.45", "q": "0.478570", "T": 1782878688633, "m": false, "M": true}
{"e": "trade", "E": 1782878689605, "s": "SOLUSDT", "t": 16627377, "p": "161.36", "q": "0.325064", "T": 1782878689605, "m": true, "M": true}
{"e": "trade", "E": 1782878690959, "s": "SOLUSDT", "t": 16635520, "p": "163.85", "q": "1.627961", "T": 1782878690959, "m": false, "M": true}
{"e": "trade", "E": 1782878691077, "s": "ETHUSDT", "t": 12541724, "p": "3534.15", "q": "1.988721", "T": 1782878691077, "m": false, "M": true}
{"e": "trade", "E": 1782878691082, "s": "ETHUSDT", "t": 12532108, "p": "3534.78", "q": "0.557391", "T": 1782878691082, "m": false, "M": true}
{"e": "trade", "E": 1782878691096, "s": "SOLUSDT", "t": 16627537, "p": "162.00", "q": "0.142906", "T": 1782878691096, "m": false, "M": true}
{"e": "trade", "E": 1782878691525, "s": "SOLUSDT", "t": 16629486, "p": "166.70", "q": "1.688027", "T": 1782878691525, "m": true, "M": true}
{"e": "trade", "E": 1782878692171, "s": "ETHUSDT", "t": 12533860, "p": "3499.72", "q": "0.891541", "T": 1782878692171, "m": false, "M": true}
{"e": "trade", "E": 1782878693648, "s": "SOLUSDT", "t": 16630980, "p": "166.22", "q": "1.207115", "T": 1782878693648, "m": true, "M": true}
{"e": "trade", "E": 1782878694650, "s": "BTCUSDT", "t": 15439832, "p": "67796.97", "q": "0.354698", "T": 1782878694650, "m": true, "M": true}
{"e": "trade", "E": 1782878695147, "s": "SOLUSDT", "t": 16628231, "p": "163.01", "q": "2.070165", "T": 1782878695147, "m": false, "M": true}
{"e": "trade", "E": 1782878696139, "s": "BTCUSDT", "t": 15442712, "p": "69092.23", "q": "0.439521", "T": 1782878696139, "m": true, "M": true}
{"e": "trade", "E": 1782878696527, "s": "BTCUSDT", "t": 15434584, "p": "68682.33", "q": "1.309416", "T": 1782878696527, "m": true, "M": true}
{"e": "trade", "E": 1782878696578, "s": "ETHUSDT", "t": 12530887, "p": "3505.15", "q": "0.761307", "T": 1782878696578, "m": true, "M": true}
{"e": "trade", "E": 1782878696902, "s": "ETHUSDT", "t": 12537351, "p": "3589.40", "q": "1.883443", "T": 1782878696902, "m": false, "M": true}
{"e": "trade", "E": 1782878697124, "s": "BTCUSDT", "t": 15438748, "p": "67541.65", "q": "1.324285", "T": 1782878697124, "m": false, "M": true}
{"e": "trade", "E": 1782878697415, "s": "SOLUSDT", "t": 16629960, "p": "169.11", "q": "1.603380", "T": 1782878697415, "m": false, "M": true}
{"e": "trade", "E": 1782878698230, "s": "ETHUSDT", "t": 12535009, "p": "3572.25", "q": "0.704627", "T": 1782878698230, "m": false, "M": true}
{"e": "trade", "E": 1782878698706, "s": "BTCUSDT", "t": 15440798, "p": "68534.77", "q": "1.595163", "T": 1782878698706, "m": true, "M": true}
{"e": "trade", "E": 1782878699553, "s": "SOLUSDT", "t": 16625057, "p": "162.97", "q": "1.416252", "T": 1782878699553, "m": false, "M": true}
{"e": "trade", "E": 1782878699863, "s": "BTCUSDT", "t": 15438496, "p": "67642.08", "q": "1.787789", "T": 1782878699863, "m": true, "M": true}
{"e": "trade", "E": 1782878702095, "s": "BTCUSDT", "t": 15435923, "p": "68533.68", "q": "2.091628", "T": 1782878702095, "m": false, "M": true}
{"e": "trade", "E": 1782878702637, "s": "BTCUSDT", "t": 15444115, "p": "67869.10", "q": "0.142850", "T": 1782878702637, "m": true, "M": true}
{"e": "trade", "E": 1782878702953, "s": "ETHUSDT", "t": 12538368, "p": "3576.19", "q": "1.123191", "T": 1782878702953, "m": false, "M": true}
{"e": "trade", "E": 1782878703472, "s": "ETHUSDT", "t": 12535607, "p": "3578.06", "q": "1.517503", "T": 1782878703472, "m": false, "M": true}
{"e": "trade", "E": 1782878703912, "s": "SOLUSDT", "t": 16627730, "p": "161.66", "q": "0.094932", "T": 1782878703912, "m": false, "M": true}
{"e": "trade", "E": 1782878704094, "s": "BTCUSDT", "t": 15439205, "p": "67506.06", "q": "1.061509", "T": 1782878704094, "m": true, "M": true}
{"e": "trade", "E": 1782878704111, "s": "BTCUSDT", "t": 15444239, "p": "67487.16", "q": "1.765528", "T": 1782878704111, "m": true, "M": true}
{"e": "trade", "E": 1782878704406, "s": "ETHUSDT", "t": 12536176, "p": "3615.21", "q": "1.950932", "T": 1782878704406, "m": false, "M": true}
{"e": "trade", "E": 1782878705062, "s": "BTCUSDT", "t": 15440926, "p": "68646.90", "q": "0.131879", "T": 1782878705062, "m": true, "M": true}
{"e": "trade", "E": 1782878705090, "s": "SOLUSDT", "t": 16626938, "p": "162.89", "q": "0.805862", "T": 1782878705090, "m": true, "M": true}
{"e": "trade", "E": 1782878705262, "s": "BTCUSDT", "t": 15444116, "p": "67785.49", "q": "2.480173", "T": 1782878705262, "m": true, "M": true}
{"e": "trade", "E": 1782878705517, "s": "ETHUSDT", "t": 12539632, "p": "3528.00", "q": "0.859460", "T": 1782878705517, "m": true, "M": true}
{"e": "trade", "E": 1782878705580, "s": "SOLUSDT", "t": 16634300, "p": "163.43", "q": "1.144866", "T": 1782878705580, "m": true, "M": true}
{"e": "trade", "E": 1782878705615, "s": "ETHUSDT", "t": 12541094, "p": "3539.58", "q": "1.070710", "T": 1782878705615, "m": true, "M": true}
{"e": "trade", "E": 1782878705679, "s": "SOLUSDT", "t": 16632370, "p": "162.55", "q": "0.978607", "T": 1782878705679, "m": false, "M": true}
{"e": "trade", "E": 1782878706376, "s": "SOLUSDT", "t": 16629614, "p": "166.94", "q": "1.205485", "T": 1782878706376, "m": true, "M": true}
{"e": "trade", "E": 1782878707852, "s": "BTCUSDT", "t": 15443710, "p": "68141.52", "q": "1.892161", "T": 1782878707852, "m": false, "M": true}
{"e": "trade", "E": 1782878708237, "s": "ETHUSDT", "t": 12531868, "p": "3543.17", "q": "0.705533", "T": 1782878708237, "m": false, "M": true}
{"e": "trade", "E": 1782878708403, "s": "SOLUSDT", "t": 16634946, "p": "165.36", "q": "1.410925", "T": 1782878708403, "m": true, "M": true}
{"e": "trade", "E": 1782878708481, "s": "SOLUSDT", "t": 16632221, "p": "163.30", "q": "1.167901", "T": 1782878708481, "m": false, "M": true}
{"e": "trade", "E": 1782878708738, "s": "SOLUSDT", "t": 16626915, "p": "163.00", "q": "0.391481", "T": 1782878708738, "m": true, "M": true}
{"e": "trade", "E": 1782878709093, "s": "BTCUSDT", "t": 15434730, "p": "68721.24", "q": "1.792404", "T": 1782878709093, "m": false, "M": true}
{"e": "trade", "E": 1782878709122, "s": "SOLUSDT", "t": 16627859, "p": "162.42", "q": "1.780548", "T": 1782878709122, "m": true, "M": true}
{"e": "trade", "E": 1782878709795, "s": "ETHUSDT", "t": 12535137, "p": "3556.54", "q": "1.016164", "T": 1782878709795, "m": false, "M": true}
{"e": "trade", "E": 1782878711509, "s": "ETHUSDT", "t": 12535859, "p": "3609.80", "q": "1.320995", "T": 1782878711509, "m": true, "M": true}
{"e": "trade", "E": 1782878711542, "s": "ETHUSDT", "t": 12539670, "p": "3528.04", "q": "1.732479", "T": 1782878711542, "m": false, "M": true}
{"e": "trade", "E": 1782878712599, "s": "ETHUSDT", "t": 12532569, "p": "3505.85", "q": "0.400413", "T": 1782878712599, "m": false, "M": true}
{"e": "trade", "E": 1782878712752, "s": "SOLUSDT", "t": 16633033, "p": "161.15", "q": "0.843802", "T": 1782878712752, "m": false, "M": true}
{"e": "trade", "E": 1782878713591, "s": "BTCUSDT", "t": 15438711, "p": "67509.44", "q": "0.109335", "T": 1782878713591, "m": false, "M": true}
{"e": "trade", "E": 1782878713653, "s": "BTCUSDT", "t": 15441521, "p": "68936.88", "q": "0.688383", "T": 1782878713653, "m": false, "M": true}
{"e": "trade", "E": 1782878713744, "s": "ETHUSDT", "t": 12532096, "p": "3537.12", "q": "0.480685", "T": 1782878713744, "m": true, "M": true}
{"e": "trade", "E": 1782878714449, "s": "ETHUSDT", "t": 12534312, "p": "3535.25", "q": "0.382243", "T": 1782878714449, "m": false, "M": true}
{"e": "trade", "E": 1782878714478, "s": "ETHUSDT", "t": 12532211, "p": "3524.07", "q": "2.445122", "T": 1782878714478, "m": true, "M": true}
{"e": "trade", "E": 1782878714901, "s": "ETHUSDT", "t": 12541039, "p": "3537.36", "q": "1.050145", "T": 1782878714901, "m": true, "M": true}
{"e": "trade", "E": 1782878715843, "s": "BTCUSDT", "t": 15444191, "p": "67470.83", "q": "0.152301", "T": 1782878715843, "m": false, "M": true}
{"e": "trade", "E": 1782878715894, "s": "BTCUSDT", "t": 15438423, "p": "67817.39", "q": "0.914639", "T": 1782878715894, "m": true, "M": true}
{"e": "trade", "E": 1782878717414, "s": "SOLUSDT", "t": 16633874, "p": "162.50", "q": "0.470033", "T": 1782878717414, "m": false, "M": true}
{"e": "trade", "E": 1782878717437, "s": "ETHUSDT", "t": 12537191, "p": "3594.65", "q": "0.813682", "T": 1782878717437, "m": true, "M": true}
{"e": "trade", "E": 1782878718327, "s": "SOLUSDT", "t": 16631165, "p": "166.88", "q": "0.944543", "T": 1782878718327, "m": true, "M": true}
{"e": "trade", "E": 1782878719142, "s": "ETHUSDT", "t": 12541017, "p": "3537.71", "q": "1.099584", "T": 1782878719142, "m": false, "M": true}
{"e": "trade", "E": 1782878719471, "s": "ETHUSDT", "t": 12542166, "p": "3519.87", "q": "1.489446", "T": 1782878719471, "m": true, "M": true}
{"e": "trade", "E": 1782878719488, "s": "SOLUSDT", "t": 16624228, "p": "166.70", "q": "0.464959", "T": 1782878719488, "m": true, "M": true}
{"e": "trade", "E": 1782878719603, "s": "ETHUSDT", "t": 12534552, "p": "3555.07", "q": "0.326985", "T": 1782878719603, "m": false, "M": true}
{"e": "trade", "E": 1782878720257, "s": "ETHUSDT", "t": 12536107, "p": "3610.58", "q": "2.241410", "T": 1782878720257, "m": true, "M": true}
{"e": "trade", "E": 1782878720298, "s": "SOLUSDT", "t": 16625492, "p": "160.28", "q": "1.728214", "T": 1782878720298, "m": true, "M": true}
{"e": "trade", "E": 1782878720717, "s": "SOLUSDT", "t": 16630204, "p": "167.74", "q": "0.329222", "T": 1782878720717, "m": true, "M": true}
{"e": "trade", "E": 1782878721126, "s": "SOLUSDT", "t": 16634860, "p": "165.07", "q": "1.495381", "T": 1782878721126, "m": false, "M": true}
{"e": "trade", "E": 1782878721485, "s": "SOLUSDT", "t": 16629184, "p": "167.79", "q": "1.358354", "T": 1782878721485, "m": true, "M": true}
{"e": "trade", "E": 1782878721734, "s": "BTCUSDT", "t": 15436550, "p": "68021.52", "q": "1.399578", "T": 1782878721734, "m": false, "M": true}
{"e": "trade", "E": 1782878722208, "s": "SOLUSDT", "t": 16628050, "p": "161.63", "q": "0.417634", "T": 1782878722208, "m": false, "M": true}
{"e": "trade", "E": 1782878722424, "s": "BTCUSDT", "t": 15433316, "p": "68465.89", "q": "0.642115", "T": 1782878722424, "m": false, "M": true}
{"e": "trade", "E": 1782878723261, "s": "SOLUSDT", "t": 16625873, "p": "162.50", "q": "0.506174", "T": 1782878723261, "m": true, "M": true}
{"e": "trade", "E": 1782878723624, "s": "BTCUSDT", "t": 15436189, "p": "68772.40", "q": "1.496069", "T": 1782878723624, "m": true, "M": true}
{"e": "trade", "E": 1782878723814, "s": "BTCUSDT", "t": 15433421, "p": "68546.43", "q": "1.410784", "T": 1782878723814, "m": false, "M": true}
{"e": "trade", "E": 1782878723903, "s": "SOLUSDT", "t": 16632875, "p": "161.97", "q": "0.695844", "T": 1782878723903, "m": false, "M": true}
{"e": "trade", "E": 1782878724345, "s": "SOLUSDT", "t": 16624623, "p": "163.42", "q": "1.370975", "T": 1782878724345, "m": true, "M": true}
{"e": "trade", "E": 1782878724456, "s": "SOLUSDT", "t": 16628782, "p": "166.08", "q": "0.999612", "T": 1782878724456, "m": true, "M": true}
{"e": "trade", "E": 1782878725894, "s": "BTCUSDT", "t": 15433725, "p": "68488.69", "q": "0.568510", "T": 1782878725894, "m": true, "M": true}
{"e": "trade", "E": 1782878726426, "s": "BTCUSDT", "t": 15435335, "p": "68705.55", "q": "1.678391", "T": 1782878726426, "m": true, "M": true}
{"e": "trade", "E": 1782878726467, "s": "SOLUSDT", "t": 16631569, "p": "164.73", "q": "1.353948", "T": 1782878726467, "m": false, "M": true}
{"e": "trade", "E": 1782878726681, "s": "BTCUSDT", "t": 15434243, "p": "68667.60", "q": "0.842956", "T": 1782878726681, "m": true, "M": true}
{"e": "trade", "E": 1782878726888, "s": "BTCUSDT", "t": 15440230, "p": "67950.93", "q": "0.676014", "T": 1782878726888, "m": true, "M": true}
{"e": "trade", "E": 1782878727030, "s": "SOLUSDT", "t": 16633995, "p": "163.20", "q": "2.320601", "T": 1782878727030, "m": true, "M": true}
{"e": "trade", "E": 1782878727372, "s": "ETHUSDT", "t": 12542417, "p": "3560.34", "q": "2.406526", "T": 1782878727372, "m": false, "M": true}
{"e": "trade", "E": 1782878728070, "s": "ETHUSDT", "t": 12537642, "p": "3581.72", "q": "1.352220", "T": 1782878728070, "m": false, "M": true}
{"e": "trade", "E": 1782878728244, "s": "SOLUSDT", "t": 16628582, "p": "166.14", "q": "2.399417", "T": 1782878728244, "m": false, "M": true}
{"e": "trade", "E": 1782878729053, "s": "ETHUSDT", "t": 12533774, "p": "3500.11", "q": "1.960209", "T": 1782878729053, "m": false, "M": true}
{"e": "trade", "E": 1782878729751, "s": "ETHUSDT", "t": 12536529, "p": "3591.88", "q": "1.574547", "T": 1782878729751, "m": false, "M": true}
{"e": "trade", "E": 1782878730169, "s": "ETHUSDT", "t": 12535288, "p": "3562.80", "q": "0.561077", "T": 1782878730169, "m": true, "M": true}
{"e": "trade", "E": 1782878730450, "s": "ETHUSDT", "t": 12542676, "p": "3539.58", "q": "0.248058", "T": 1782878730450, "m": false, "M": true}
{"e": "trade", "E": 1782878730612, "s": "ETHUSDT", "t": 12540195, "p": "3525.72", "q": "0.286719", "T": 1782878730612, "m": false, "M": true}
{"e": "trade", "E": 1782878730779, "s": "ETHUSDT", "t": 12531699, "p": "3541.41", "q": "1.003612", "T": 1782878730779, "m": true, "M": true}
{"e": "trade", "E": 1782878730804, "s": "ETHUSDT", "t": 12533229, "p": "3530.13", "q": "2.370338", "T": 1782878730804, "m": true, "M": true}
{"e": "trade", "E": 1782878731139, "s": "ETHUSDT", "t": 12533846, "p": "3498.50", "q": "0.995454", "T": 1782878731139, "m": false, "M": true}
{"e": "trade", "E": 1782878731737, "s": "SOLUSDT", "t": 16632765, "p": "162.89", "q": "0.058169", "T": 1782878731737, "m": false, "M": true}
{"e": "trade", "E": 1782878731840, "s": "SOLUSDT", "t": 16629675, "p": "166.77", "q": "1.518951", "T": 1782878731840, "m": true, "M": true}
{"e": "trade", "E": 1782878732273, "s": "BTCUSDT", "t": 15433757, "p": "68532.35", "q": "2.016577", "T": 1782878732273, "m": true, "M": true}
{"e": "trade", "E": 1782878732383, "s": "SOLUSDT", "t": 16626535, "p": "162.36", "q": "1.987346", "T": 1782878732383, "m": false, "M": true}
{"e": "trade", "E": 1782878732630, "s": "ETHUSDT", "t": 12537827, "p": "3590.93", "q": "1.665280", "T": 1782878732630, "m": false, "M": true}
{"e": "trade", "E": 1782878732875, "s": "SOLUSDT", "t": 16633459, "p": "160.31", "q": "2.016726", "T": 1782878732875, "m": true, "M": true}
{"e": "trade", "E": 1782878732958, "s": "ETHUSDT", "t": 12542414, "p": "3560.18", "q": "0.125350", "T": 1782878732958, "m": true, "M": true}
{"e": "trade", "E": 1782878734312, "s": "BTCUSDT", "t": 15443121, "p": "68822.74", "q": "2.251349", "T": 1782878734312, "m": false, "M": true}
{"e": "trade", "E": 1782878734589, "s": "SOLUSDT", "t": 16632657, "p": "162.41", "q": "1.383367", "T": 1782878734589, "m": true, "M": true}
{"e": "trade", "E": 1782878735086, "s": "BTCUSDT", "t": 15433414, "p": "68577.29", "q": "1.013889", "T": 1782878735086, "m": false, "M": true}
{"e": "trade", "E": 1782878735685, "s": "BTCUSDT", "t": 15441591, "p": "68908.87", "q": "1.436736", "T": 1782878735685, "m": false, "M": true}
{"e": "trade", "E": 1782878736459, "s": "SOLUSDT", "t": 16628755, "p": "166.15", "q": "0.350655", "T": 1782878736459, "m": true, "M": true}
{"e": "trade", "E": 1782878738018, "s": "ETHUSDT", "t": 12535078, "p": "3563.78", "q": "0.349365", "T": 1782878738018, "m": false, "M": true}
{"e": "trade", "E": 1782878738732, "s": "BTCUSDT", "t": 15433272, "p": "68513.67", "q": "0.087990", "T": 1782878738732, "m": true, "M": true}
{"e": "trade", "E": 1782878738980, "s": "SOLUSDT", "t": 16624082, "p": "165.36", "q": "1.477440", "T": 1782878738980, "m": true, "M": true}
{"e": "trade", "E": 1782878739582, "s": "ETHUSDT", "t": 12533731, "p": "3499.87", "q": "1.695300", "T": 1782878739582, "m": false, "M": true}
{"e": "trade", "E": 1782878740051, "s": "ETHUSDT", "t": 12531443, "p": "3552.85", "q": "1.728177", "T": 1782878740051, "m": true, "M": true}
{"e": "trade", "E": 1782878740893, "s": "ETHUSDT", "t": 12540690, "p": "3524.82", "q": "1.099956", "T": 1782878740893, "m": false, "M": true}
{"e": "trade", "E": 1782878740969, "s": "ETHUSDT", "t": 12531099, "p": "3528.21", "q": "0.645500", "T": 1782878740969, "m": false, "M": true}
{"e": "trade", "E": 1782878740987, "s": "SOLUSDT", "t": 16628464, "p": "164.75", "q": "0.196294", "T": 1782878740987, "m": false, "M": true}
{"e": "trade", "E": 1782878741305, "s": "BTCUSDT", "t": 15437980, "p": "68204.40", "q": "2.317440", "T": 1782878741305, "m": true, "M": true}
{"e": "trade", "E": 1782878742161, "s": "ETHUSDT", "t": 12535473, "p": "3576.46", "q": "1.737955", "T": 1782878742161, "m": false, "M": true}
{"e": "trade", "E": 1782878742356, "s": "BTCUSDT", "t": 15433433, "p": "68478.48", "q": "0.306434", "T": 1782878742356, "m": false, "M": true}
{"e": "trade", "E": 1782878742447, "s": "BTCUSDT", "t": 15436991, "p": "68346.90", "q": "2.370043", "T": 1782878742447, "m": true, "M": true}
{"e": "trade", "E": 1782878742756, "s": "SOLUSDT", "t": 16630618, "p": "167.50", "q": "0.764719", "T": 1782878742756, "m": false, "M": true}
{"e": "trade", "E": 1782878743563, "s": "ETHUSDT", "t": 12539393, "p": "3508.73", "q": "0.117602", "T": 1782878743563, "m": false, "M": true}
{"e": "trade", "E": 1782878744305, "s": "ETHUSDT", "t": 12535634, "p": "3587.31", "q": "0.269063", "T": 1782878744305, "m": false, "M": true}
{"e": "trade", "E": 1782878745045, "s": "ETHUSDT", "t": 12539860, "p": "3535.89", "q": "1.213787", "T": 1782878745045, "m": true, "M": true}
{"e": "trade", "E": 1782878745137, "s": "BTCUSDT", "t": 15443391, "p": "68724.29", "q": "0.134129", "T": 1782878745137, "m": false, "M": true}
{"e": "trade", "E": 1782878745198, "s": "SOLUSDT", "t": 16627018, "p": "162.76", "q": "0.842349", "T": 1782878745198, "m": true, "M": true}
{"e": "trade", "E": 1782878745228, "s": "ETHUSDT", "t": 12537567, "p": "3583.85", "q": "1.212228", "T": 1782878745228, "m": false, "M": true}
{"e": "trade", "E": 1782878747320, "s": "BTCUSDT", "t": 15438443, "p": "67738.22", "q": "0.591502", "T": 1782878747320, "m": false, "M": true}
{"e": "trade", "E": 1782878747385, "s": "SOLUSDT", "t": 16626891, "p": "163.18", "q": "1.150025", "T": 1782878747385, "m": false, "M": true}
{"e": "trade", "E": 1782878747554, "s": "BTCUSDT", "t": 15441580, "p": "68902.78", "q": "2.451871", "T": 1782878747554, "m": false, "M": true}
{"e": "trade", "E": 1782878747858, "s": "SOLUSDT", "t": 16632979, "p": "161.52", "q": "1.037243", "T": 1782878747858, "m": true, "M": true}
{"e": "trade", "E": 1782878748256, "s": "SOLUSDT", "t": 16634366, "p": "164.28", "q": "1.941369", "T": 1782878748256, "m": false, "M": true}
{"e": "trade", "E": 1782878748404, "s": "ETHUSDT", "t": 12539255, "p": "3504.07", "q": "2.435414", "T": 1782878748404, "m": true, "M": true}
{"e": "trade", "E": 1782878748911, "s": "BTCUSDT", "t": 15435200, "p": "68435.66", "q": "0.951595", "T": 1782878748911, "m": false, "M": true}
{"e": "trade", "E": 1782878749121, "s": "SOLUSDT", "t": 16629477, "p": "166.65", "q": "1.832534", "T": 1782878749121, "m": false, "M": true}
{"e": "trade", "E": 1782878749530, "s": "ETHUSDT", "t": 12533099, "p": "3525.82", "q": "1.082039", "T": 1782878749530, "m": true, "M": true}
{"e": "trade", "E": 1782878750987, "s": "SOLUSDT", "t": 16624075, "p": "165.33", "q": "1.975495", "T": 1782878750987, "m": true, "M": true}
{"e": "trade", "E": 1782878751302, "s": "SOLUSDT", "t": 16635055, "p": "165.28", "q": "1.207266", "T": 1782878751302, "m": false, "M": true}
{"e": "trade", "E": 1782878755341, "s": "SOLUSDT", "t": 16629356, "p": "167.20", "q": "0.699992", "T": 1782878755341, "m": true, "M": true}
{"e": "trade", "E": 1782878756112, "s": "ETHUSDT", "t": 12535589, "p": "3584.97", "q": "2.012015", "T": 1782878756112, "m": true, "M": true}
{"e": "trade", "E": 1782878756178, "s": "SOLUSDT", "t": 16634714, "p": "166.78", "q": "1.005144", "T": 1782878756178, "m": false, "M": true}
{"e": "trade", "E": 1782878756309, "s": "BTCUSDT", "t": 15442526, "p": "69196.06", "q": "0.937106", "T": 1782878756309, "m": true, "M": true}
{"e": "trade", "E": 1782878756418, "s": "SOLUSDT", "t": 16629225, "p": "168.16", "q": "0.318124", "T": 1782878756418, "m": false, "M": true}
{"e": "trade", "E": 1782878757873, "s": "ETHUSDT", "t": 12539908, "p": "3526.90", "q": "1.835736", "T": 1782878757873, "m": true, "M": true}
{"e": "trade", "E": 1782878759017, "s": "BTCUSDT", "t": 15442442, "p": "69253.54", "q": "1.804682", "T": 1782878759017, "m": false, "M": true}
{"e": "trade", "E": 1782878759725, "s": "ETHUSDT", "t": 12539827, "p": "3536.75", "q": "2.021658", "T": 1782878759725, "m": false, "M": true}
{"e": "trade", "E": 1782878760168, "s": "ETHUSDT", "t": 12539495, "p": "3512.93", "q": "0.530057", "T": 1782878760168, "m": false, "M": true}
{"e": "trade", "E": 1782878761534, "s": "SOLUSDT", "t": 16628507, "p": "165.27", "q": "0.003934", "T": 1782878761534, "m": false, "M": true}
{"e": "trade", "E": 1782878762550, "s": "SOLUSDT", "t": 16628522, "p": "165.43", "q": "2.054636", "T": 1782878762550, "m": true, "M": true}
{"e": "trade", "E": 1782878762551, "s": "SOLUSDT", "t": 16624358, "p": "166.89", "q": "0.702090", "T": 1782878762551, "m": false, "M": true}
{"e": "trade", "E": 1782878763458, "s": "BTCUSDT", "t": 15434378, "p": "68757.18", "q": "0.479914", "T": 1782878763458, "m": true, "M": true}
{"e": "trade", "E": 1782878763474, "s": "SOLUSDT", "t": 16631421, "p": "166.02", "q": "0.348653", "T": 1782878763474, "m": true, "M": true}
{"e": "trade", "E": 1782878765715, "s": "BTCUSDT", "t": 15437765, "p": "68297.35", "q": "1.176780", "T": 1782878765715, "m": true, "M": true}
{"e": "trade", "E": 1782878766071, "s": "ETHUSDT", "t": 12539102, "p": "3512.59", "q": "0.126319", "T": 1782878766071, "m": true, "M": true}
{"e": "trade", "E": 1782878767861, "s": "BTCUSDT", "t": 15442988, "p": "68495.31", "q": "1.945981", "T": 1782878767861, "m": false, "M": true}
{"e": "trade", "E": 1782878768215, "s": "BTCUSDT", "t": 15443897, "p": "68030.43", "q": "2.442938", "T": 1782878768215, "m": false, "M": true}
{"e": "trade", "E": 1782878768470, "s": "BTCUSDT", "t": 15438442, "p": "67730.42", "q": "2.192404", "T": 1782878768470, "m": false, "M": true}
{"e": "trade", "E": 1782878769002, "s": "ETHUSDT", "t": 12537477, "p": "3595.64", "q": "1.744293", "T": 1782878769002, "m": false, "M": true}
{"e": "trade", "E": 1782878769204, "s": "ETHUSDT", "t": 12532630, "p": "3526.49", "q": "1.898074", "T": 1782878769204, "m": true, "M": true}
{"e": "trade", "E": 1782878769409, "s": "BTCUSDT", "t": 15436900, "p": "68384.34", "q": "2.130456", "T": 1782878769409, "m": true, "M": true}
{"e": "trade", "E": 1782878770169, "s": "BTCUSDT", "t": 15439705, "p": "67729.29", "q": "0.455648", "T": 1782878770169, "m": false, "M": true}
{"e": "trade", "E": 1782878770318, "s": "ETHUSDT", "t": 12537699, "p": "3594.86", "q": "2.044351", "T": 1782878770318, "m": false, "M": true}
{"e": "trade", "E": 1782878770844, "s": "SOLUSDT", "t": 16631262, "p": "166.26", "q": "2.243972", "T": 1782878770844, "m": false, "M": true}
{"e": "trade", "E": 1782878771259, "s": "SOLUSDT", "t": 16628267, "p": "163.15", "q": "1.034501", "T": 1782878771259, "m": false, "M": true}
{"e": "trade", "E": 1782878772087, "s": "BTCUSDT", "t": 15444973, "p": "67873.34", "q": "2.213687", "T": 1782878772087, "m": false, "M": true}
{"e": "trade", "E": 1782878772098, "s": "SOLUSDT", "t": 16635133, "p": "165.13", "q": "2.211172", "T": 1782878772098, "m": false, "M": true}
{"e": "trade", "E": 1782878772895, "s": "SOLUSDT", "t": 16635233, "p": "164.87", "q": "0.274989", "T": 1782878772895, "m": true, "M": true}
{"e": "trade", "E": 1782878773346, "s": "BTCUSDT", "t": 15439874, "p": "67815.35", "q": "1.335975", "T": 1782878773346, "m": true, "M": true}
{"e": "trade", "E": 1782878773498, "s": "ETHUSDT", "t": 12532041, "p": "3537.02", "q": "0.134814", "T": 1782878773498, "m": false, "M": true}
{"e": "trade", "E": 1782878773917, "s": "ETHUSDT", "t": 12533526, "p": "3517.78", "q": "1.381163", "T": 1782878773917, "m": false, "M": true}
{"e": "trade", "E": 1782878775338, "s": "BTCUSDT", "t": 15444366, "p": "67628.02", "q": "1.019263", "T": 1782878775338, "m": true, "M": true}
{"e": "trade", "E": 1782878776018, "s": "SOLUSDT", "t": 16628914, "p": "165.64", "q": "1.852771", "T": 1782878776018, "m": true, "M": true}
{"e": "trade", "E": 1782878776762, "s": "BTCUSDT", "t": 15440919, "p": "68663.59", "q": "1.428960", "T": 1782878776762, "m": false, "M": true}
{"e": "trade", "E": 1782878777124, "s": "SOLUSDT", "t": 16633280, "p": "160.82", "q": "2.237742", "T": 1782878777124, "m": false, "M": true}
{"e": "trade", "E": 1782878777316, "s": "ETHUSDT", "t": 12539303, "p": "3504.09", "q": "1.877158", "T": 1782878777316, "m": false, "M": true}
{"e": "trade", "E": 1782878778776, "s": "ETHUSDT", "t": 12537463, "p": "3599.40", "q": "2.444450", "T": 1782878778776, "m": true, "M": true}
{"e": "trade", "E": 1782878780304, "s": "SOLUSDT", "t": 16630879, "p": "166.55", "q": "0.221613", "T": 1782878780304, "m": true, "M": true}
{"e": "trade", "E": 1782878780560, "s": "SOLUSDT", "t": 16634856, "p": "165.14", "q": "2.088963", "T": 1782878780560, "m": true, "M": true}
{"e": "trade", "E": 1782878781199, "s": "ETHUSDT", "t": 12540280, "p": "3521.16", "q": "1.633735", "T": 1782878781199, "m": false, "M": true}
{"e": "trade", "E": 1782878781603, "s": "BTCUSDT", "t": 15437745, "p": "68248.06", "q": "0.910855", "T": 1782878781603, "m": false, "M": true}
{"e": "trade", "E": 1782878782054, "s": "ETHUSDT", "t": 12534824, "p": "3555.04", "q": "0.056400", "T": 1782878782054, "m": false, "M": true}
{"e": "trade", "E": 1782878782505, "s": "ETHUSDT", "t": 12532974, "p": "3526.84", "q": "0.909964", "T": 1782878782505, "m": false, "M": true}
{"e": "trade", "E": 1782878783192, "s": "ETHUSDT", "t": 12538555, "p": "3554.77", "q": "1.105982", "T": 1782878783192, "m": false, "M": true}
{"e": "trade", "E": 1782878783585, "s": "BTCUSDT", "t": 15441296, "p": "68952.59", "q": "0.780948", "T": 1782878783585, "m": true, "M": true}
{"e": "trade", "E": 1782878783682, "s": "BTCUSDT", "t": 15443472, "p": "68634.64", "q": "2.002421", "T": 1782878783682, "m": true, "M": true}
{"e": "trade", "E": 1782878783995, "s": "SOLUSDT", "t": 16624547, "p": "162.99", "q": "0.504244", "T": 1782878783995, "m": false, "M": true}
{"e": "trade", "E": 1782878784224, "s": "SOLUSDT", "t": 16624590, "p": "163.44", "q": "0.950557", "T": 1782878784224, "m": false, "M": true}
{"e": "trade", "E": 1782878784224, "s": "ETHUSDT", "t": 12532963, "p": "3523.82", "q": "0.556271", "T": 1782878784224, "m": true, "M": true}
{"e": "trade", "E": 1782878784256, "s": "BTCUSDT", "t": 15442370, "p": "69135.21", "q": "1.170034", "T": 1782878784256, "m": true, "M": true}
{"e": "trade", "E": 1782878785659, "s": "BTCUSDT", "t": 15438769, "p": "67700.01", "q": "2.362859", "T": 1782878785659, "m": true, "M": true}
{"e": "trade", "E": 1782878786819, "s": "ETHUSDT", "t": 12541133, "p": "3546.89", "q": "2.160103", "T": 1782878786819, "m": true, "M": true}
{"e": "trade", "E": 1782878787564, "s": "ETHUSDT", "t": 12535161, "p": "3563.72", "q": "0.279199", "T": 1782878787564, "m": false, "M": true}
{"e": "trade", "E": 1782878787649, "s": "ETHUSDT", "t": 12539279, "p": "3505.99", "q": "0.902384", "T": 1782878787649, "m": false, "M": true}
{"e": "trade", "E": 1782878787860, "s": "SOLUSDT", "t": 16635765, "p": "165.95", "q": "2.420743", "T": 1782878787860, "m": true, "M": true}
{"e": "trade", "E": 1782878788390, "s": "SOLUSDT", "t": 16626541, "p": "162.37", "q": "0.746049", "T": 1782878788390, "m": false, "M": true}
{"e": "trade", "E": 1782878788692, "s": "SOLUSDT", "t": 16630976, "p": "166.36", "q": "0.990647", "T": 1782878788692, "m": true, "M": true}
{"e": "trade", "E": 1782878789483, "s": "ETHUSDT", "t": 12540729, "p": "3526.34", "q": "0.649726", "T": 1782878789483, "m": false, "M": true}
{"e": "trade", "E": 1782878789741, "s": "BTCUSDT", "t": 15434004, "p": "68453.65", "q": "1.751760", "T": 1782878789741, "m": true, "M": true}
{"e": "trade", "E": 1782878789968, "s": "BTCUSDT", "t": 15442353, "p": "69082.29", "q": "2.351843", "T": 1782878789968, "m": false, "M": true}
{"e": "trade", "E": 1782878790173, "s": "BTCUSDT", "t": 15436778, "p": "67861.22", "q": "2.116204", "T": 1782878790173, "m": true, "M": true}
{"e": "trade", "E": 1782878790263, "s": "SOLUSDT", "t": 16633940, "p": "162.33", "q": "0.521538", "T": 1782878790263, "m": true, "M": true}
{"e": "trade", "E": 1782878790479, "s": "ETHUSDT", "t": 12541575, "p": "3531.05", "q": "0.953325", "T": 1782878790479, "m": true, "M": true}
{"e": "trade", "E": 1782878790807, "s": "BTCUSDT", "t": 15433508, "p": "68392.90", "q": "1.283899", "T": 1782878790807, "m": true, "M": true}
{"e": "trade", "E": 1782878791748, "s": "ETHUSDT", "t": 12538823, "p": "3532.60", "q": "0.871132", "T": 1782878791748, "m": false, "M": true}
{"e": "trade", "E": 1782878792453, "s": "BTCUSDT", "t": 15434815, "p": "68450.26", "q": "0.681042", "T": 1782878792453, "m": true, "M": true}
{"e": "trade", "E": 1782878792811, "s": "BTCUSDT", "t": 15444022, "p": "67768.86", "q": "1.150588", "T": 1782878792811, "m": false, "M": true}
{"e": "trade", "E": 1782878793623, "s": "SOLUSDT", "t": 16628717, "p": "166.66", "q": "2.373521", "T": 1782878793623, "m": false, "M": true}
{"e": "trade", "E": 1782878794311, "s": "SOLUSDT", "t": 16628343, "p": "163.56", "q": "2.242659", "T": 1782878794311, "m": false, "M": true}
{"e": "trade", "E": 1782878794605, "s": "SOLUSDT", "t": 16631644, "p": "165.33", "q": "0.520481", "T": 1782878794605, "m": true, "M": true}
{"e": "trade", "E": 1782878794667, "s": "SOLUSDT", "t": 16628715, "p": "166.66", "q": "2.379982", "T": 1782878794667, "m": false, "M": true}
{"e": "trade", "E": 1782878794794, "s": "SOLUSDT", "t": 16629343, "p": "167.17", "q": "2.051093", "T": 1782878794794, "m": true, "M": true}
{"e": "trade", "E": 1782878795535, "s": "BTCUSDT", "t": 15439883, "p": "67748.76", "q": "2.453927", "T": 1782878795535, "m": false, "M": true}
{"e": "trade", "E": 1782878796358, "s": "ETHUSDT", "t": 12542193, "p": "3519.50", "q": "0.628004", "T": 1782878796358, "m": false, "M": true}
{"e": "trade", "E": 1782878796541, "s": "BTCUSDT", "t": 15433785, "p": "68461.26", "q": "1.161928", "T": 1782878796541, "m": true, "M": true}
{"e": "trade", "E": 1782878796582, "s": "BTCUSDT", "t": 15442137, "p": "68943.56", "q": "0.197540", "T": 1782878796582, "m": false, "M": true}
{"e": "trade", "E": 1782878796673, "s": "SOLUSDT", "t": 16635083, "p": "165.40", "q": "0.797474", "T": 1782878796673, "m": true, "M": true}
{"e": "trade", "E": 1782878797092, "s": "SOLUSDT", "t": 16635298, "p": "163.47", "q": "0.614933", "T": 1782878797092, "m": true, "M": true}
{"e": "trade", "E": 1782878797995, "s": "SOLUSDT", "t": 16628134, "p": "161.82", "q": "1.406613", "T": 1782878797995, "m": true, "M": true}
{"e": "trade", "E": 1782878798239, "s": "BTCUSDT", "t": 15440552, "p": "68117.95", "q": "0.610977", "T": 1782878798239, "m": false, "M": true}
{"e": "trade", "E": 1782878798519, "s": "BTCUSDT", "t": 15443219, "p": "68755.57", "q": "1.521646", "T": 1782878798519, "m": false, "M": true}
{"e": "trade", "E": 1782878798713, "s": "BTCUSDT", "t": 15439097, "p": "67675.47", "q": "1.935588", "T": 1782878798713, "m": true, "M": true}
{"e": "trade", "E": 1782878799792, "s": "SOLUSDT", "t": 16628568, "p": "166.06", "q": "0.339297", "T": 1782878799792, "m": true, "M": true}
{"e": "trade", "E": 1782878799857, "s": "BTCUSDT", "t": 15435678, "p": "68740.63", "q": "2.416736", "T": 1782878799857, "m": true, "M": true}
{"e": "trade", "E": 1782878800263, "s": "SOLUSDT", "t": 16624179, "p": "165.95", "q": "0.157387", "T": 1782878800263, "m": false, "M": true}
{"e": "trade", "E": 1782878800555, "s": "SOLUSDT", "t": 16627876, "p": "162.45", "q": "2.274183", "T": 1782878800555, "m": false, "M": true}
{"e": "trade", "E": 1782878800779, "s": "ETHUSDT", "t": 12531174, "p": "3535.96", "q": "1.661022", "T": 1782878800779, "m": true, "M": true}
{"e": "trade", "E": 1782878802121, "s": "ETHUSDT", "t": 12532730, "p": "3527.55", "q": "1.489153", "T": 1782878802121, "m": false, "M": true}
{"e": "trade", "E": 1782878802384, "s": "BTCUSDT", "t": 15433546, "p": "68326.32", "q": "1.206696", "T": 1782878802384, "m": true, "M": true}
{"e": "trade", "E": 1782878802558, "s": "BTCUSDT", "t": 15436275, "p": "68591.94", "q": "2.050790", "T": 1782878802558, "m": false, "M": true}
{"e": "trade", "E": 1782878803330, "s": "SOLUSDT", "t": 16630079, "p": "169.67", "q": "2.410138", "T": 1782878803330, "m": false, "M": true}
{"e": "trade", "E": 1782878803933, "s": "BTCUSDT", "t": 15444859, "p": "68081.84", "q": "0.452975", "T": 1782878803933, "m": true, "M": true}
{"e": "trade", "E": 1782878804703, "s": "SOLUSDT", "t": 16628829, "p": "165.87", "q": "1.357601", "T": 1782878804703, "m": true, "M": true}
{"e": "trade", "E": 1782878805238, "s": "BTCUSDT", "t": 15437137, "p": "68422.07", "q": "1.343789", "T": 1782878805238, "m": false, "M": true}
{"e": "trade", "E": 1782878805316, "s": "ETHUSDT", "t": 12535588, "p": "3583.62", "q": "0.916080", "T": 1782878805316, "m": false, "M": true}
{"e": "trade", "E": 1782878805593, "s": "BTCUSDT", "t": 15435214, "p": "68492.68", "q": "1.939506", "T": 1782878805593, "m": true, "M": true}
{"e": "trade", "E": 1782878805890, "s": "BTCUSDT", "t": 15439209, "p": "67541.04", "q": "1.797360", "T": 1782878805890, "m": true, "M": true}
{"e": "trade", "E": 1782878806133, "s": "ETHUSDT", "t": 12532388, "p": "3523.64", "q": "2.181743", "T": 1782878806133, "m": true, "M": true}
{"e": "trade", "E": 1782878806533, "s": "SOLUSDT", "t": 16633711, "p": "162.49", "q": "0.646996", "T": 1782878806533, "m": false, "M": true}
{"e": "trade", "E": 1782878806537, "s": "SOLUSDT", "t": 16632102, "p": "163.51", "q": "1.758872", "T": 1782878806537, "m": false, "M": true}
{"e": "trade", "E": 1782878806678, "s": "SOLUSDT", "t": 16631940, "p": "163.64", "q": "1.041358", "T": 1782878806678, "m": false, "M": true}
{"e": "trade", "E": 1782878807371, "s": "BTCUSDT", "t": 15435116, "p": "68391.97", "q": "0.797679", "T": 1782878807371, "m": false, "M": true}
{"e": "trade", "E": 1782878807790, "s": "BTCUSDT", "t": 15437813, "p": "68342.91", "q": "1.374133", "T": 1782878807790, "m": false, "M": true}
{"e": "trade", "E": 1782878807798, "s": "SOLUSDT", "t": 16629279, "p": "167.82", "q": "1.109973", "T": 1782878807798, "m": true, "M": true}
{"e": "trade", "E": 1782878808059, "s": "SOLUSDT", "t": 16627094, "p": "162.40", "q": "0.353492", "T": 1782878808059, "m": false, "M": true}
{"e": "trade", "E": 1782878808595, "s": "BTCUSDT", "t": 15439324, "p": "67763.79", "q": "0.383535", "T": 1782878808595, "m": false, "M": true}
{"e": "trade", "E": 1782878808660, "s": "SOLUSDT", "t": 16629290, "p": "167.65", "q": "2.334268", "T": 1782878808660, "m": true, "M": true}
{"e": "trade", "E": 1782878808799, "s": "BTCUSDT", "t": 15438110, "p": "68204.35", "q": "1.800629", "T": 1782878808799, "m": false, "M": true}
{"e": "trade", "E": 1782878809123, "s": "SOLUSDT", "t": 16633878, "p": "162.58", "q": "1.107762", "T": 1782878809123, "m": false, "M": true}
{"e": "trade", "E": 1782878809788, "s": "BTCUSDT", "t": 15438015, "p": "68159.82", "q": "1.025068", "T": 1782878809788, "m": true, "M": true}
{"e": "trade", "E": 1782878809840, "s": "ETHUSDT", "t": 12542111, "p": "3522.00", "q": "1.040490", "T": 1782878809840, "m": false, "M": true}
{"e": "trade", "E": 1782878810030, "s": "SOLUSDT", "t": 16629908, "p": "169.39", "q": "0.525280", "T": 1782878810030, "m": false, "M": true}
{"e": "trade", "E": 1782878810617, "s": "BTCUSDT", "t": 15440767, "p": "68452.28", "q": "0.217378", "T": 1782878810617, "m": true, "M": true}
{"e": "trade", "E": 1782878811292, "s": "ETHUSDT", "t": 12541947, "p": "3507.97", "q": "1.747545", "T": 1782878811292, "m": true, "M": true}
{"e": "trade", "E": 1782878811612, "s": "ETHUSDT", "t": 12531126, "p": "3530.29", "q": "2.426259", "T": 1782878811612, "m": true, "M": true}
{"e": "trade", "E": 1782878811973, "s": "ETHUSDT", "t": 12539276, "p": "3505.94", "q": "1.619834", "T": 1782878811973, "m": false, "M": true}
{"e": "trade", "E": 1782878812678, "s": "SOLUSDT", "t": 16632334, "p": "162.82", "q": "0.111447", "T": 1782878812678, "m": false, "M": true}
{"e": "trade", "E": 1782878813047, "s": "ETHUSDT", "t": 12532683, "p": "3526.87", "q": "1.670247", "T": 1782878813047, "m": false, "M": true}
{"e": "trade", "E": 1782878813391, "s": "ETHUSDT", "t": 12539822, "p": "3534.87", "q": "0.636322", "T": 1782878813391, "m": false, "M": true}
{"e": "trade", "E": 1782878814165, "s": "BTCUSDT", "t": 15439895, "p": "67688.27", "q": "0.373390", "T": 1782878814165, "m": true, "M": true}
{"e": "trade", "E": 1782878814380, "s": "ETHUSDT", "t": 12533203, "p": "3536.44", "q": "0.770156", "T": 1782878814380, "m": true, "M": true}
{"e": "trade", "E": 1782878814856, "s": "SOLUSDT", "t": 16628999, "p": "166.26", "q": "0.787953", "T": 1782878814856, "m": true, "M": true}
{"e": "trade", "E": 1782878815472, "s": "BTCUSDT", "t": 15433899, "p": "68628.19", "q": "1.892535", "T": 1782878815472, "m": true, "M": true}
{"e": "trade", "E": 1782878817477, "s": "ETHUSDT", "t": 12539020, "p": "3517.21", "q": "1.005776", "T": 1782878817477, "m": true, "M": true}
{"e": "trade", "E": 1782878818544, "s": "SOLUSDT", "t": 16631160, "p": "166.86", "q": "1.847776", "T": 1782878818544, "m": false, "M": true}
{"e": "trade", "E": 1782878818793, "s": "BTCUSDT", "t": 15436038, "p": "68881.98", "q": "0.251716", "T": 1782878818793, "m": false, "M": true}
{"e": "trade", "E": 1782878819565, "s": "ETHUSDT", "t": 12540450, "p": "3506.69", "q": "0.785855", "T": 1782878819565, "m": true, "M": true}
{"e": "trade", "E": 1782878819829, "s": "ETHUSDT", "t": 12541090, "p": "3539.48", "q": "0.396213", "T": 1782878819829, "m": false, "M": true}
{"e": "trade", "E": 1782878820135, "s": "ETHUSDT", "t": 12532255, "p": "3516.04", "q": "1.143376", "T": 1782878820135, "m": true, "M": true}
{"e": "trade", "E": 1782878820369, "s": "BTCUSDT", "t": 15436452, "p": "68285.53", "q": "1.706937", "T": 1782878820369, "m": false, "M": true}
{"e": "trade", "E": 1782878820393, "s": "ETHUSDT", "t": 12539306, "p": "3503.00", "q": "0.245753", "T": 1782878820393, "m": false, "M": true}
{"e": "trade", "E": 1782878820876, "s": "ETHUSDT", "t": 12540685, "p": "3523.39", "q": "0.813295", "T": 1782878820876, "m": true, "M": true}
{"e": "trade", "E": 1782878821076, "s": "SOLUSDT", "t": 16625218, "p": "162.52", "q": "1.730428", "T": 1782878821076, "m": false, "M": true}
{"e": "trade", "E": 1782878821111, "s": "SOLUSDT", "t": 16631504, "p": "165.52", "q": "0.182657", "T": 1782878821111, "m": true, "M": true}
{"e": "trade", "E": 1782878821912, "s": "SOLUSDT", "t": 16625263, "p": "162.25", "q": "0.503251", "T": 1782878821912, "m": true, "M": true}
{"e": "trade", "E": 1782878822371, "s": "BTCUSDT", "t": 15442298, "p": "69026.80", "q": "0.847895", "T": 1782878822371, "m": false, "M": true}
{"e": "trade", "E": 1782878822420, "s": "BTCUSDT", "t": 15433013, "p": "68013.20", "q": "1.084681", "T": 1782878822420, "m": true, "M": true}
{"e": "trade", "E": 1782878823226, "s": "BTCUSDT", "t": 15433112, "p": "68034.49", "q": "2.406125", "T": 1782878823226, "m": false, "M": true}
{"e": "trade", "E": 1782878823954, "s": "ETHUSDT", "t": 12539189, "p": "3507.40", "q": "1.157296", "T": 1782878823954, "m": false, "M": true}
{"e": "trade", "E": 1782878824278, "s": "BTCUSDT", "t": 15435888, "p": "68587.56", "q": "0.032924", "T": 1782878824278, "m": true, "M": true}
{"e": "trade", "E": 1782878824419, "s": "BTCUSDT", "t": 15440202, "p": "68063.82", "q": "0.161489", "T": 1782878824419, "m": true, "M": true}
{"e": "trade", "E": 1782878824754, "s": "ETHUSDT", "t": 12541226, "p": "3548.58", "q": "2.389427", "T": 1782878824754, "m": true, "M": true}
{"e": "trade", "E": 1782878825031, "s": "BTCUSDT", "t": 15436022, "p": "68803.33", "q": "1.609143", "T": 1782878825031, "m": true, "M": true}
{"e": "trade", "E": 1782878825093, "s": "ETHUSDT", "t": 12538504, "p": "3558.13", "q": "1.882237", "T": 1782878825093, "m": false, "M": true}
{"e": "trade", "E": 1782878825180, "s": "ETHUSDT", "t": 12536241, "p": "3602.55", "q": "1.763203", "T": 1782878825180, "m": false, "M": true}
{"e": "trade", "E": 1782878825564, "s": "SOLUSDT", "t": 16624361, "p": "166.97", "q": "0.503272", "T": 1782878825564, "m": true, "M": true}
{"e": "trade", "E": 1782878825594, "s": "BTCUSDT", "t": 15433451, "p": "68410.76", "q": "1.262448", "T": 1782878825594, "m": true, "M": true}
{"e": "trade", "E": 1782878825825, "s": "ETHUSDT", "t": 12531620, "p": "3545.02", "q": "1.042028", "T": 1782878825825, "m": false, "M": true}
{"e": "trade", "E": 1782878826420, "s": "ETHUSDT", "t": 12536845, "p": "3609.05", "q": "0.125007", "T": 1782878826420, "m": false, "M": true}
{"e": "trade", "E": 1782878826446, "s": "BTCUSDT", "t": 15441689, "p": "68996.67", "q": "2.092296", "T": 1782878826446, "m": true, "M": true}
{"e": "trade", "E": 1782878826491, "s": "SOLUSDT", "t": 16627453, "p": "162.14", "q": "0.442368", "T": 1782878826491, "m": true, "M": true}
{"e": "trade", "E": 1782878826713, "s": "BTCUSDT", "t": 15436654, "p": "67975.09", "q": "2.289072", "T": 1782878826713, "m": false, "M": true}
{"e": "trade", "E": 1782878827201, "s": "ETHUSDT", "t": 12534017, "p": "3505.56", "q": "0.136144", "T": 1782878827201, "m": true, "M": true}
{"e": "trade", "E": 1782878827459, "s": "BTCUSDT", "t": 15433760, "p": "68480.12", "q": "0.140809", "T": 1782878827459, "m": true, "M": true}
{"e": "trade", "E": 1782878827716, "s": "SOLUSDT", "t": 16626945, "p": "162.80", "q": "0.882712", "T": 1782878827716, "m": false, "M": true}
{"e": "trade", "E": 1782878827730, "s": "SOLUSDT", "t": 16624208, "p": "166.04", "q": "0.295210", "T": 1782878827730, "m": false, "M": true}
{"e": "trade", "E": 1782878828775, "s": "BTCUSDT", "t": 15443745, "p": "68136.94", "q": "0.293965", "T": 1782878828775, "m": true, "M": true}
{"e": "trade", "E": 1782878828904, "s": "BTCUSDT", "t": 15439753, "p": "67801.00", "q": "0.344455", "T": 1782878828904, "m": true, "M": true}
{"e": "trade", "E": 1782878829370, "s": "ETHUSDT", "t": 12540204, "p": "3530.28", "q": "0.611158", "T": 1782878829370, "m": false, "M": true}
{"e": "trade", "E": 1782878829615, "s": "BTCUSDT", "t": 15434774, "p": "68504.94", "q": "0.559030", "T": 1782878829615, "m": false, "M": true}
{"e": "trade", "E": 1782878830273, "s": "BTCUSDT", "t": 15442375, "p": "69166.45", "q": "0.247193", "T": 1782878830273, "m": true, "M": true}
{"e": "trade", "E": 1782878831079, "s": "ETHUSDT", "t": 12540890, "p": "3538.36", "q": "2.224548", "T": 1782878831079, "m": true, "M": true}
{"e": "trade", "E": 1782878832997, "s": "SOLUSDT", "t": 16626972, "p": "162.80", "q": "1.896214", "T": 1782878832997, "m": true, "M": true}
{"e": "trade", "E": 1782878834557, "s": "ETHUSDT", "t": 12534989, "p": "3578.59", "q": "1.484915", "T": 1782878834557, "m": true, "M": true}
{"e": "trade", "E": 1782878834712, "s": "BTCUSDT", "t": 15434509, "p": "68619.38", "q": "1.564075", "T": 1782878834712, "m": false, "M": true}
{"e": "trade", "E": 1782878835532, "s": "SOLUSDT", "t": 16632208, "p": "163.20", "q": "2.031333", "T": 1782878835532, "m": false, "M": true}
{"e": "trade", "E": 1782878835816, "s": "ETHUSDT", "t": 12535304, "p": "3564.45", "q": "0.622355", "T": 1782878835816, "m": true, "M": true}
{"e": "trade", "E": 1782878835988, "s": "ETHUSDT", "t": 12534711, "p": "3540.83", "q": "1.269084", "T": 1782878835988, "m": true, "M": true}
{"e": "trade", "E": 1782878836110, "s": "BTCUSDT", "t": 15442297, "p": "69044.44", "q": "2.383599", "T": 1782878836110, "m": false, "M": true}
{"e": "trade", "E": 1782878838565, "s": "SOLUSDT", "t": 16627422, "p": "161.99", "q": "1.710096", "T": 1782878838565, "m": true, "M": true}
{"e": "trade", "E": 1782878838574, "s": "ETHUSDT", "t": 12537979, "p": "3581.29", "q": "1.953386", "T": 1782878838574, "m": false, "M": true}
{"e": "trade", "E": 1782878838873, "s": "ETHUSDT", "t": 12535489, "p": "3579.92", "q": "0.114103", "T": 1782878838873, "m": true, "M": true}
{"e": "trade", "E": 1782878839915, "s": "SOLUSDT", "t": 16630725, "p": "167.00", "q": "1.520373", "T": 1782878839915, "m": false, "M": true}
{"e": "trade", "E": 1782878841500, "s": "SOLUSDT", "t": 16632195, "p": "163.10", "q": "1.560331", "T": 1782878841500, "m": false, "M": true}
{"e": "trade", "E": 1782878841710, "s": "ETHUSDT", "t": 12535934, "p": "3597.08", "q": "2.407120", "T": 1782878841710, "m": true, "M": true}
{"e": "trade", "E": 1782878842479, "s": "BTCUSDT", "t": 15442925, "p": "68681.75", "q": "0.851706", "T": 1782878842479, "m": false, "M": true}
{"e": "trade", "E": 1782878843243, "s": "SOLUSDT", "t": 16625785, "p": "161.87", "q": "1.786697", "T": 1782878843243, "m": true, "M": true}
{"e": "trade", "E": 1782878843416, "s": "BTCUSDT", "t": 15433358, "p": "68564.83", "q": "1.077327", "T": 1782878843416, "m": false, "M": true}
{"e": "trade", "E": 1782878843496, "s": "SOLUSDT", "t": 16632501, "p": "162.35", "q": "0.870803", "T": 1782878843496, "m": true, "M": true}
{"e": "trade", "E": 1782878843646, "s": "BTCUSDT", "t": 15435943, "p": "68677.21", "q": "0.902644", "T": 1782878843646, "m": false, "M": true}
{"e": "trade", "E": 1782878843984, "s": "ETHUSDT", "t": 12538999, "p": "3517.41", "q": "1.279918", "T": 1782878843984, "m": true, "M": true}
{"e": "trade", "E": 1782878843991, "s": "SOLUSDT", "t": 16631429, "p": "166.61", "q": "0.830399", "T": 1782878843991, "m": false, "M": true}
{"e": "trade", "E": 1782878844250, "s": "ETHUSDT", "t": 12538700, "p": "3556.75", "q": "0.098767", "T": 1782878844250, "m": false, "M": true}
{"e": "trade", "E": 1782878844953, "s": "SOLUSDT", "t": 16633058, "p": "160.99", "q": "1.381056", "T": 1782878844953, "m": true, "M": true}
{"e": "trade", "E": 1782878845212, "s": "BTCUSDT", "t": 15439899, "p": "67701.97", "q": "0.016616", "T": 1782878845212, "m": false, "M": true}
{"e": "trade", "E": 1782878845339, "s": "BTCUSDT", "t": 15434686, "p": "68595.68", "q": "1.000380", "T": 1782878845339, "m": true, "M": true}
{"e": "trade", "E": 1782878845666, "s": "ETHUSDT", "t": 12531135, "p": "3528.23", "q": "2.164151", "T": 1782878845666, "m": false, "M": true}
{"e": "trade", "E": 1782878848038, "s": "SOLUSDT", "t": 16631759, "p": "165.09", "q": "2.414828", "T": 1782878848038, "m": true, "M": true}
{"e": "trade", "E": 1782878848048, "s": "SOLUSDT", "t": 16628056, "p": "161.91", "q": "1.145732", "T": 1782878848048, "m": true, "M": true}
{"e": "trade", "E": 1782878848208, "s": "BTCUSDT", "t": 15434632, "p": "68701.85", "q": "0.217631", "T": 1782878848208, "m": false, "M": true}
{"e": "trade", "E": 1782878848448, "s": "ETHUSDT", "t": 12533223, "p": "3530.10", "q": "2.475918", "T": 1782878848448, "m": false, "M": true}
{"e": "trade", "E": 1782878848967, "s": "SOLUSDT", "t": 16635437, "p": "164.94", "q": "0.421031", "T": 1782878848967, "m": true, "M": true}
{"e": "trade", "E": 1782878849300, "s": "BTCUSDT", "t": 15437544, "p": "68560.14", "q": "1.213845", "T": 1782878849300, "m": true, "M": true}
{"e": "trade", "E": 1782878849417, "s": "BTCUSDT", "t": 15437506, "p": "68570.20", "q": "0.712418", "T": 1782878849417, "m": true, "M": true}
{"e": "trade", "E": 1782878849537, "s": "BTCUSDT", "t": 15435687, "p": "68754.76", "q": "2.105373", "T": 1782878849537, "m": true, "M": true}
{"e": "trade", "E": 1782878849592, "s": "ETHUSDT", "t": 12539037, "p": "3507.87", "q": "0.571926", "T": 1782878849592, "m": true, "M": true}
{"e": "trade", "E": 1782878850316, "s": "ETHUSDT", "t": 12534455, "p": "3553.79", "q": "0.680950", "T": 1782878850316, "m": false, "M": true}
{"e": "trade", "E": 1782878850898, "s": "BTCUSDT", "t": 15443592, "p": "68257.63", "q": "1.668680", "T": 1782878850898, "m": false, "M": true}
{"e": "trade", "E": 1782878851144, "s": "ETHUSDT", "t": 12542491, "p": "3552.85", "q": "1.444976", "T": 1782878851144, "m": false, "M": true}
{"e": "trade", "E": 1782878852032, "s": "BTCUSDT", "t": 15438956, "p": "67622.31", "q": "2.122600", "T": 1782878852032, "m": true, "M": true}
{"e": "trade", "E": 1782878853157, "s": "BTCUSDT", "t": 15435303, "p": "68807.57", "q": "1.365653", "T": 1782878853157, "m": false, "M": true}
{"e": "trade", "E": 1782878853618, "s": "ETHUSDT", "t": 12540076, "p": "3536.71", "q": "1.559602", "T": 1782878853618, "m": false, "M": true}
{"e": "trade", "E": 1782878853695, "s": "SOLUSDT", "t": 16633131, "p": "160.53", "q": "0.185131", "T": 1782878853695, "m": true, "M": true}
{"e": "trade", "E": 1782878853826, "s": "ETHUSDT", "t": 12533622, "p": "3510.24", "q": "2.247693", "T": 1782878853826, "m": true, "M": true}
{"e": "trade", "E": 1782878853939, "s": "BTCUSDT", "t": 15433371, "p": "68503.93", "q": "1.417607", "T": 1782878853939, "m": false, "M": true}
{"e": "trade", "E": 1782878854392, "s": "ETHUSDT", "t": 12542564, "p": "3533.03", "q": "0.280584", "T": 1782878854392, "m": true, "M": true}
{"e": "trade", "E": 1782878854496, "s": "ETHUSDT", "t": 12542653, "p": "3534.48", "q": "2.494802", "T": 1782878854496, "m": true, "M": true}
{"e": "trade", "E": 1782878855237, "s": "ETHUSDT", "t": 12531274, "p": "3549.09", "q": "1.360380", "T": 1782878855237, "m": false, "M": true}
{"e": "trade", "E": 1782878855248, "s": "BTCUSDT", "t": 15435126, "p": "68491.96", "q": "1.334834", "T": 1782878855248, "m": false, "M": true}
{"e": "trade", "E": 1782878856173, "s": "SOLUSDT", "t": 16632491, "p": "162.25", "q": "0.581671", "T": 1782878856173, "m": false, "M": true}
{"e": "trade", "E": 1782878856827, "s": "SOLUSDT", "t": 16625274, "p": "162.63", "q": "1.452625", "T": 1782878856827, "m": false, "M": true}
{"e": "trade", "E": 1782878857202, "s": "BTCUSDT", "t": 15433754, "p": "68498.02", "q": "0.886826", "T": 1782878857202, "m": false, "M": true}
{"e": "trade", "E": 1782878857264, "s": "BTCUSDT", "t": 15433198, "p": "68344.98", "q": "1.731870", "T": 1782878857264, "m": false, "M": true}
{"e": "trade", "E": 1782878858129, "s": "BTCUSDT", "t": 15433466, "p": "68377.14", "q": "2.424489", "T": 1782878858129, "m": true, "M": true}
{"e": "trade", "E": 1782878859066, "s": "BTCUSDT", "t": 15444701, "p": "67882.78", "q": "0.267547", "T": 1782878859066, "m": true, "M": true}
{"e": "trade", "E": 1782878859471, "s": "BTCUSDT", "t": 15442760, "p": "69055.44", "q": "0.422171", "T": 1782878859471, "m": true, "M": true}
{"e": "trade", "E": 1782878859974, "s": "BTCUSDT", "t": 15437584, "p": "68454.09", "q": "0.753870", "T": 1782878859974, "m": true, "M": true}
{"e": "trade", "E": 1782878861541, "s": "BTCUSDT", "t": 15437772, "p": "68295.33", "q": "0.939091", "T": 1782878861541, "m": false, "M": true}
{"e": "trade", "E": 1782878861596, "s": "BTCUSDT", "t": 15439436, "p": "67561.39", "q": "1.037990", "T": 1782878861596, "m": true, "M": true}
{"e": "trade", "E": 1782878861873, "s": "SOLUSDT", "t": 16624102, "p": "165.76", "q": "1.269777", "T": 1782878861873, "m": false, "M": true}
{"e": "trade", "E": 1782878862438, "s": "SOLUSDT", "t": 16625031, "p": "163.26", "q": "1.738815", "T": 1782878862438, "m": true, "M": true}
{"e": "trade", "E": 1782878863001, "s": "SOLUSDT", "t": 16628539, "p": "165.60", "q": "1.299914", "T": 1782878863001, "m": true, "M": true}
{"e": "trade", "E": 1782878863036, "s": "ETHUSDT", "t": 12536915, "p": "3611.57", "q": "1.148110", "T": 1782878863036, "m": true, "M": true}
{"e": "trade", "E": 1782878863643, "s": "BTCUSDT", "t": 15444650, "p": "67920.13", "q": "1.823518", "T": 1782878863643, "m": false, "M": true}
{"e": "trade", "E": 1782878864489, "s": "ETHUSDT", "t": 12532649, "p": "3526.00", "q": "1.732437", "T": 1782878864489, "m": true, "M": true}
{"e": "trade", "E": 1782878864815, "s": "ETHUSDT", "t": 12534877, "p": "3562.67", "q": "1.707186", "T": 1782878864815, "m": true, "M": true}
{"e": "trade", "E": 1782878864857, "s": "SOLUSDT", "t": 16628092, "p": "161.88", "q": "1.184688", "T": 1782878864857, "m": true, "M": true}
{"e": "trade", "E": 1782878865642, "s": "SOLUSDT", "t": 16635394, "p": "163.57", "q": "0.501150", "T": 1782878865642, "m": false, "M": true}
{"e": "trade", "E": 1782878866002, "s": "BTCUSDT", "t": 15439576, "p": "67565.62", "q": "1.534452", "T": 1782878866002, "m": true, "M": true}
